2373 3028
1928 186 1972 220 17

237 286 387 314 Oceanus
411 283 648 314 meridionalis.
692 281 827 312 Radack
849 280 880 309 in
905 280 979 309 alba
1002 276 1212 309 coralliorum
1236 286 1345 307 arena.

239 350 401 381 Pentactis
423 349 614 390 cylindricis
637 352 787 389 cognata.

198 443 251 481 Sp.
275 444 303 471 3.
351 442 563 472 Verrucosa.
606 439 724 469 Eschh.
749 439 840 468 Zool.
863 438 924 467 Atl.
947 440 1014 467 ates
1039 434 1130 466 Heft.
1151 435 1189 466 T.
1214 434 1256 464 X.
1280 434 1314 463 F.
1337 437 1365 465 3.

237 508 317 536 Tres
332 505 470 546 pollices
485 506 598 545 longa,
619 503 858 541 vermiformis,
881 502 944 532 cuti
967 503 1102 542 paulum
1117 499 1299 540 pellucida,
1321 497 1470 536 undiquc
1484 496 1630 527 verrucis
1645 496 1753 527 rubris
1769 497 1975 528 adhaerenti-

162 573 222 601 bus
255 571 371 603 obsita.
413 571 452 600 ln
485 579 696 600 verrucarum
728 568 910 598 intervallis
944 571 1065 606 puncta
1096 565 1217 596 albida.
1274 564 1454 594 Tcntacula
1493 561 1697 601 novemssda,
1730 571 1823 592 ramo
1859 562 1977 601 apicali

159 638 274 668 ceteris
297 636 460 678 longiore.

239 703 412 734 Americae
434 701 509 731 litus
532 696 1027 739 septentrionali·occidentale.
1071 696 1184 726 Insula
1203 695 1323 726 Sitcha.

238 770 349 809 synssp
355 772 459 797 larum
481 765 653 806 analogias
677 762 832 795 offerens.

238 860 290 898 Sp.
314 867 342 895 4.
384 856 564 888 Discolor.
607 857 728 886 Eschh.
751 847 842 884 Zoo't.
865 855 928 884 Atl.
953 859 1019 883 ates
1044 853 1123 883 Heft
1144 854 1182 883 T.
1205 854 1248 883 X.
1274 854 1296 883 f.
1322 864 1348 885 2.

242 923 396 964 Quinque
428 923 566 963 pollices
595 923 713 963 longa,
745 920 839 961 digiti
867 919 998 949 minimi
1026 917 1182 948 crassitie.
1226 920 1354 958 Corpus
1382 917 1605 958 pellucidum,
1635 926 1786 956 roseum,
1815 917 1979 956 quinque-

158 991 332 1029 lincatum,
364 989 668 1030 nigropunctatum'.
716 985 895 1016 Tentacula
928 983 1105 1014 duodecim
1136 983 1282 1020 maiora,
1311 983 1372 1012 tria
1403 982 1551 1022 minora,
1586 983 1682 1023 apice
1710 983 1979 1023 duodecemlida‚

155 1056 293 1086 laciniae
336 1055 525 1086 terminales
554 1053 670 1084 ceteris
705 1052 885 1093 longiores.
935 1050 1027 1094 §lutis
1054 1059 1123 1079 non
1145 1050 1346 1088 adhaerens,
1379 1048 1563 1088 diaphana,
1597 1048 1754 1079 musculis
1784 1051 1801 1078 6
1834 1050 1979 1091 longitu-

159 1121 326 1151 diualibus
349 1120 464 1150 roseis.

239 1184 461 1215 Holothuriae
484 1184 671 1215 inhaerenti
694 1189 844 1225 cognata.

715 1270 967 1332 s'cssofflus
996 1295 1051 1329 111
1079 1293 1423 1329 Homfflunm.

241 1391 461 1423 Pulmonibus
485 1391 679 1428 instructa03
705 1389 895 1420 discrimine
917 1389 1002 1418 inter
1025 1389 1160 1418 dorsum
1184 1392 1214 1417 et
1237 1392 1402 1425 ventrem,
1425 1390 1454 1415 et
1477 1395 1617 1425 corpore
1644 1396 1813 1424 nunquam
1836 1388 1979 1426 perfecte

158 1458 343 1498 cylindrico
367 1458 577 1488 intervallum
600 1458 692 1496 quod
716 1455 882 1487 Pcntactis
906 1460 936 1485 et
961 1453 1130 1484 Molluscis
1153 1453 1306 1491 interest,
1329 1451 1579 1490 quodaminodo
1603 1451 1782 1490 explentes.

829 1557 989 1586 'ramus
1014 1559 1040 1587 1.
1077 1547 1315 1584 immi-tum.

241 1640 349 1668 Dorso
373 1647 539 1676 convexo,
569 1641 683 1666 ventre
705 1636 872 1676 planiore,
904 1635 967 1664 cuti
990 1634 1147 1665 coriaeea.
1192 1631 1382 1663 'i'cntaculis
1411 1642 1447 1662 20
1476 1631 1624 1670 peltatis,
1657 1630 1783 1670 duplici
1813 1630 1979 1670 dispositis

160 1705 256 1736 serie.
300 1707 390 1734 Anus
407 1704 561 1734 dentibus
577 1702 725 1742 quinque
740 1707 883 1731 armatus
898 1706 960 1738 est,
976 1700 1032 1738 qui
1048 1699 1275 1729 musculorum
1292 1696 1585 1738 longitudinalium
1602 1695 1774 1725 insertiOni
1789 1695 1980 1725 inserviunt.

622 1746 631 1759 U

206 1782 215 1790 ·
241 1770 333 1799 Besel
354 1768 481 1809 primus
504 1778 575 1798 esse
591 1768 737 1806 videtur,
758 1767 816 1806 qui
831 1768 890 1796 has
905 1776 969 1796 ano
987 1767 1119 1796 dentato
1135 1765 1319 1804 paradoxas
1336 1762 1461 1803 specics
1481 1762 1513 1791 111
1531 1764 1697 1801 Europam
1715 1761 1795 1791 misit
1822 1772 1874 1791 an.
1896 1765 1980 1792 1⁸33.

241 1834 391 1875 Fleming
414 1833 632 1864 Holothuriae
661 1833 863 1873 peruvianae
886 1831 1060 1861 Miilleriae
1088 1840 1212 1859 nomen
1235 1829 1341 1867 dedit,
1378 1828 1470 1866 quod
1495 1832 1601 1857 tamen
1634 1838 1710 1857 cum
1744 1837 1843 1857 nemo
1875 1827 1981 1856 imita-

162 1905 210 1931 tus
232 1899 290 1939 sit,
313 1899 396 1930 mihi
416 1900 506 1930 hisce
527 1898 623 1930 novis
645 1898 819 1939 speciebus
841 1899 906 1928 hoc
929 1907 1051 1927 nomen
1074 1895 1219 1926 tribuere
1240 1895 1339 1924 licere
1361 1902 1492 1924 censeo.

201 2006 255 2044 Sp.
280 2017 306 2035 1.
348 2002 537 2035 Echinites.
580 2004 715 2034 Collect.
736 2003 889 2033 Schoenl.

241 2081 391 2121 Quatuor
412 2079 539 2110 circiter
561 2079 698 2119 pollices
720 2080 839 2120 longa,
862 2089 961 2108 unani
977 2082 1102 2118 septem
1124 2077 1193 2107 vidi
1215 2076 1393 2117 pollicum,
1416 2078 1528 2105 ventre
1550 2075 1616 2104 lato
1640 2075 1758 2114 plano,
1782 2075 1881 2104 dorso
1905 2083 1981 2104 con-

164 2156 246 2177 vexo
269 2151 452 2176 transverse
474 2155 616 2186 rugoso,
651 2144 908 2177 extremitatibus
940 2143 1136 2173 rotundatis.
1185 2142 1259 2172 Cuti
1287 2143 1390 2172 densa
1419 2141 1577 2171 coriacea.
1627 2142 1771 2171 Dorsum
1804 2139 1981 2177 intensius,

164 2217 277 2241 venter
299 2211 435 2241 dilutius
458 2210 759 2241 castaneo-fuscus.
803 2210 840 2238 ln
865 2215 993 2246 ventre,
1017 2210 1117 2238 dorso
1141 2207 1313 2247 molliore,
1337 2207 1461 2246 ubique
1484 2217 1522 2236 ex
1545 2205 1621 2236 atris
1646 2205 1728 2236 corii
1750 2204 1981 2245 perforationi-

167 2277 225 2307 bus
259 2276 521 2316 membranacei,
553 2287 655 2306 unam
690 2280 721 2306 et
756 2275 926 2305 dimidiam
959 2276 1001 2305 ad
1034 2280 1097 2305 tres
1128 2274 1232 2304 lineas
1259 2272 1354 2315 longi
1382 2274 1548 2314 prodeunt⁴
1577 2272 1696 2312 pedes,
1730 2281 1872 2310 quorum
1895 2270 1982 2309 capi-

169 2342 234 2370 tula
258 2352 359 2381 opaca
382 2342 472 2372 disco
495 2351 659 2380 concavo,
682 2341 908 2372 cucurbitulae
929 2340 1049 2377 simili,
1072 2340 1227 2369 instructa
1252 2344 1339 2370 sunt.

248 2406 350 2435 Etiam
373 2406 407 2435 in
430 2408 550 2445 dorso,
572 2409 630 2437 sed
652 2407 811 2445 rariores,
834 2406 1049 2436 inveniuntur
1070 2406 1182 2445 pedes.
1236 2406 1281 2435 Os
1304 2403 1465 2443 anticum,
1496 2403 1697 2441 aliquantum
1732 2403 1839 2431 solum
1865 2411 1977 2431 versus

166 2476 330 2511 spectans.
375 2473 553 2502 Teutaeula
574 2472 607 2502 in
630 2472 755 2512 duplici
775 2472 936 2511 disposita
961 2471 1099 2510 circulo,
1122 2470 1257 2512 viginti,
1287 2471 1426 2510 peltata,
1461 2471 1569 2510 peltae
1602 2467 1814 2497 multifariam
1851 2467 1981 2506 incisae,

164 2537 294 2575 fuscae,
316 2537 593 2566 cucurbitularum
615 2537 716 2567 instar
736 2538 908 2567 inhaerere
931 2541 1080 2576 possunt.
1123 2536 1242 2566 Petioli
1265 2542 1299 2566 ut
1322 2536 1365 2566 ita
1389 2535 1493 2564 dicam
1518 2535 1678 2573 peltarum
1703 2532 1780 2561 albo
1803 2533 1978 2571 splendent

166 2604 297 2643 colore,
330 2612 513 2641 eorumque
549 2603 636 2638 basis
670 2602 760 2636 tenui
794 2602 921 2632 videtur
952 2601 1062 2632 iuncta
1096 2602 1299 2632 membrana.
1342 2600 1430 2630 Coi-ii
1461 2599 1686 2640 duplicatum,
1725 2599 1916 2638 pracsertim
1946 2600 1978 2628 in

1370 2659 1391 2691 3
