2373 3028
387 186 410 217 8

387 275 515 317 Apule-ii
537 275 687 315 leporem
710 271 888 309 marinum,
919 276 1019 308 quem
1042 267 1076 297 in
1099 268 1211 297 ventre
1235 273 1311 296 ossa
1333 268 1478 296 catenata
1500 265 1623 297 habere
1645 267 1740 303 dicit,
1772 267 1870 298 etiam
1893 266 2106 297 holothuriac
2134 275 2203 297 csse

386 342 543 382 speciem.
586 340 634 369 Ab
657 348 745 369 anno
779 338 854 368 1550
886 344 989 373 usque
1019 334 1061 363 ad
1089 332 1228 363 Linnaei
1258 335 1398 362 aetatem
1421 331 1605 371 Rondclet,
1626 332 1762 371 Bellon,
1794 333 2020 369 Aldrovandi,
2045 334 2207 363 Columna

388 407 547 438 nonnulla
569 407 610 436 de
631 402 832 435 holothuriis
855 400 1018 437 referun13
1052 398 1192 429 Linnaei
1215 402 1326 428 autem
1358 398 1513 437 aequales
1536 398 1728 438 Bohadsch,
1760 399 1898 430 Forskal
1927 404 1959 431 et
1989 400 2112 430 Miiller
2140 404 2204 429 tam

387 476 492 504 bonas
524 470 795 502 holothuriarum
828 466 926 498 nobis
958 466 1122 497 dederunt
1152 463 1406 504 descriptiones,
1443 468 1477 494 ut
1509 473 1562 494 eas
1592 468 1741 504 repetere
1770 462 1867 494 multi
1887 463 2106 503 posteriorum
2128 463 2205 495 satis

387 537 621 571 existimarint.

467 607 560 646 Quae
584 600 756 643 proximae
785 598 899 630 aetatis
921 596 1099 638 scriptores
1122 597 1163 627 de
1184 596 1315 626 holoth.
1337 595 1501 634 referunt,
1528 595 1564 625 in
1586 594 1725 636 singulis
1757 595 1798 625 dc
1828 594 2098 634 classificatione,
2130 606 2207 626 ana-

387 671 490 702 tomia
519 674 582 700 ctc.
614 667 754 698 reseram
780 664 953 706 capitibus.
1006 663 1068 694 Hic
1097 667 1219 692 tantum
1249 661 1453 692 Tiedemann
1483 662 1524 691 de
1556 660 1741 700 anatomia,
1780 661 1876 691 Oken
1906 664 1938 691 et
1975 660 2134 690 Eschholz
2164 661 2204 691 de

388 735 619 767 distributione
646 731 799 774 inprimis
828 731 913 760 benc
944 728 1080 759 meritos
1116 737 1204 764 esse,
1237 732 1268 757 et
1299 737 1318 757 a
1351 726 1491 757 navibus
1514 726 1669 758 Corvette
1690 726 1898 766 Lacoquille,
1933 728 1964 756 et
1988 724 2209 764 Predpriaetie

389 802 440 839 (in
464 811 529 840 qua
551 800 719 830 Kotzebue
754 802 785 828 et
817 795 978 826 Escbholz
1009 795 1124 825 orbem
1157 798 1314 824 terrarum
1339 792 1548 823 circumvecti
1574 797 1660 830 sunt)
1694 792 1813 824 multas
1847 800 1951 822 novas
1979 789 2015 821 in
2044 791 2208 830 Europam

387 869 469 898 latas
491 876 561 898 esse
585 864 710 905 specics
734 860 978 894 admonuerim.

1169 1123 1296 1179 Cu).
1351 1123 1424 1176 Π.

466 1258 1024 1309 HOLOTHURIARUM
1072 1252 1537 1302 CLASSIFICATIO
1586 1253 1664 1299 ET
1710 1251 2120 1300 DISTRIBUTIO.

389 1453 541 1498 lloloth.
563 1465 732 1497 vermibus
758 1462 926 1494 molluscis
949 1463 1138 1493 adnumerat
1160 1459 1340 1499 Linnaeus,
1364 1460 1570 1499 propinquas
1594 1467 1647 1489 eas
1670 1468 1740 1490 csse
1762 1458 1888 1489 echinis
1910 1462 1940 1488 et
1962 1457 2088 1490 asteriis
2105 1459 2210 1490 Pallas

389 1534 513 1575 primus
534 1532 679 1570 monuit,
712 1536 758 1570 et,
791 1534 877 1560 recte
906 1527 1041 1567 quidem
1064 1532 1099 1556 ut
1122 1526 1200 1556 mihi
1220 1526 1365 1565 videtur,
1400 1536 1474 1556 cum
1501 1525 1591 1556 hisce
1618 1525 1652 1555 in
1682 1529 1814 1555 nostrae
1842 1524 1955 1554 aetatis
1977 1523 2210 1564 systematibus

388 1599 567 1641 zoologicis
599 1595 891 1629 echinodermibus
925 1593 1176 1632 adscribuntur,
1210 1592 1263 1622 vel
1285 1593 1346 1622 sub
1371 1592 1437 1622 alio
1459 1592 1572 1630 aliquo
1602 1590 1728 1621 ordinis
1750 1590 1887 1620 nomine
1909 1600 1980 1620 cum
2001 1589 2115 1620 ceteris
2136 1600 2211 1630 per-

390 1665 584 1696 fectioribus
613 1663 871 1702 Zoophytorum
903 1660 1087 1701 iunguntur
1113 1658 1302 1701 generibus.
1345 1657 1468 1688 Cuvier
1495 1657 1635 1687 sortasse
1662 1656 1748 1686 iusto
1777 1656 1881 1686 maius
1909 1655 1993 1686 inter
2020 1656 2150 1687 holoth.
2180 1661 2211 1686 ct

391 1731 476 1761 iuter
497 1728 632 1760 actinias
654 1727 811 1758 interesse
835 1726 988 1756 credebat
1015 1725 1245 1762 intervallum3
1277 1724 1311 1754 in
1342 1724 1530 1764 oppositum
1562 1728 1665 1753 autem
1695 1721 1766 1752 sine
1793 1721 1894 1752 dnbio
1921 1721 2035 1752 incidit
2063 1732 2209 1753 errorem

391 1795 572 1833 Lamarck,
610 1793 667 1833 qui
699 1802 768 1822 non
799 1797 925 1821 tantum
948 1791 982 1820 in
1005 1791 1143 1821 eundern
1166 1789 1399 1820 Radiariorum
1433 1789 1719 1820 ecliinodermium
1751 1786 1921 1826 ordinem,
1957 1788 2015 1818 sed
2046 1786 2144 1817 etiam
2176 1787 2210 1815 in

392 1861 532 1890 candem
553 1858 733 1889 sectionem
755 1858 949 1888 Fistulidum
972 1855 1180 1886 holothurias
1203 1860 1233 1886 et
1255 1855 1389 1885 actinias
1413 1854 1563 1884 coniecit.

474 1925 696 1955 Holothuriae
727 1924 835 1954 forma
868 1922 970 1963 magis
1001 1922 1170 1962 elongata,
1209 1926 1240 1951 et
1271 1926 1431 1951 structura
1463 1919 1572 1949 minus
1594 1919 1777 1950 luculenter
1806 1919 1930 1951 radiata
1952 1921 2091 1960 propius
2115 1930 2209 1959 quam

392 1989 502 2019 echini
533 1995 564 2019 et
596 1990 731 2019 astet-iae
764 1990 807 2019 ad
838 1988 1017 2018 Annelides
1050 1993 1080 2017 ct
1113 1988 1276 2017 Mollusca
1304 1986 1480 2022 accedunt,
1522 1985 1612 2023 quod
1646 1984 1709 2014 iam
1746 1986 1841 2016 multi
1869 1987 1986 2016 docent
2014 1986 2210 2026 scriptorum

392 2065 537 2093 errores,
564 2055 621 2093 qui
644 2054 749 2085 varias
772 2055 940 2094 salparum
963 2053 1134 2083 Molluscis
1156 2053 1451 2083 adscribendarmn
1471 2051 1596 2091 species
1618 2051 1651 2081 in
1675 2052 1805 2082 holoth.
1827 2053 2008 2083 retulerunt
2030 2061 2146 2093 genus.

472 2120 654 2160 Quomiuus
677 2126 783 2149 autem
807 2119 1028 2149 nobilioribus
1050 2118 1101 2148 his
1123 2117 1340 2148 animantium
1368 2117 1598 2146 adscribantur
1625 2116 1785 2147 classibus
1810 2116 2040 2155 holossmriae,
2071 2115 2211 2155 impedi-

395 2192 507 2215 mento
545 2193 591 2215 cst
625 2192 655 2215 et
688 2186 915 2215 musculorum
948 2190 978 2214 ct
1011 2184 1247 2213 tentaculorum
1281 2193 1431 2212 numerus
1465 2183 1651 2221 quinarius,
1688 2190 1717 2213 ct
1751 2193 1827 2213 vasa
1857 2182 2005 2212 nondum
2036 2181 2076 2210 ad
2109 2190 2209 2210 unum

394 2251 505 2280 iuncta
538 2256 701 2290 systema,
738 2254 768 2280 et
797 2260 971 2279 nervorum
1000 2248 1188 2288 systematis
1225 2248 1386 2285 ‹lct'ectns;
1422 2248 1548 2279 etiamsi
1582 2248 1668 2278 enirn
1699 2247 1830 2278 ostendi
1859 2252 1998 2287 possunt
2032 2247 2211 2276 nonnullae

394 2316 498 2345 librae
521 2316 736 2354 medullarcs,
758 2316 850 2353 quod
873 2316 969 2345 valdc
991 2315 1130 2344 dubium
1152 2315 1258 2344 adhuc
1281 2313 1362 2343 mihi
1385 2313 1534 2352 videtur,
1556 2319 1641 2344 certe
1665 2324 1723 2343 nce
1746 2312 1907 2354 gangbis,
1935 2323 1994 2343 nee
2019 2312 2090 2342 aliis
2114 2312 2212 2351 parti-

396 2382 455 2410 bus
480 2380 680 2411 centralibus
703 2380 737 2410 in
759 2391 862 2411 unum
886 2380 1081 2410 coniunctae
1102 2385 1188 2411 sunt.

475 2545 571 2572 Orus
585 2566 592 2578 ‚
614 2547 771 2581 quantum
789 2542 870 2572 mihi
884 2547 997 2572 notum
1014 2546 1075 2581 est,
1097 2542 1224 2582 primus
1240 2541 1448 2572 liolothurias
1461 2541 1491 2569 in
1507 2541 1600 2580 plura
1617 2539 1725 2570 ‹lixisit
1737 2551 1878 2581 genera:
1900 2542 1981 2571 Gen.
2009 2541 2210 2579 1)Thyonc:

396 2610 555 2637 tentacula
580 2609 790 2639 brachiorum
815 2608 917 2640 instar
941 2610 1109 2649 elongata7
1132 2609 1254 2638 collum
1273 2614 1496 2638 attenuatum:
1521 2609 1665 2646 'lbyonc
1686 2607 1788 2638 susus.
1833 2608 1918 2639 Gen.
1945 2609 1976 2645 2)
1991 2606 2212 2636 Subunculus:
