2373 3028
372 189 420 222 32

372 279 561 309 musculum
582 277 746 309 sinistrum
770 276 1010 317 agglutinatum
1042 279 1136 304 essct.
1180 276 1269 304 Haec
1301 273 1444 302 secanda
1480 272 1623 302 intestini
1651 283 1727 312 pars
1754 275 1794 303 ad
1818 275 1991 319 yentriculi
2021 275 2190 315 regionem

370 345 556 384 revertitur,
579 344 637 374 ubi
665 344 699 374 in
729 353 840 373 areum
871 353 889 371 a
919 341 1023 380 prima
1053 339 1198 369 intestini
1221 344 1313 378 parte
1336 343 1455 368 tectum
1479 338 1635 377 flectitur,
1670 349 1687 368 a
1716 349 1783 376 quo
1811 339 1903 369 tertia
1924 340 2084 370 instestini
2108 350 2193 380 pars,

370 411 404 441 in
435 412 550 441 dextro
584 410 713 450 penitus
744 409 804 439 sita
836 408 950 444 latere,
985 406 1026 435 ad
1055 405 1200 434 eloacam
1231 403 1418 442 deseendit,
1454 403 1651 433 mesenterio
1681 403 1766 433 iuter
1797 404 1918 434 ventris
1952 406 2128 435 nmsculnm
2163 412 2193 435 et

372 476 458 506 inter
484 478 636 506 dextrum
659 474 769 504 lateris
794 473 974 502 musculum
1005 470 1118 500 affixo.
1160 470 1393 500 Mesentcrium
1418 470 1586 499 nonnullis
1617 470 1649 498 iu
1678 469 1759 499 loeis
1788 469 1921 498 nonnisi
1942 470 2080 510 singulis
2102 470 2193 500 libris

374 547 405 572 et
430 540 614 582 ligamentis
636 540 679 569 ad
700 539 822 568 ventris
846 537 982 568 affixum
1006 542 1055 565 est
1079 535 1235 575 parietes,
1258 542 1287 566 et
1310 536 1344 565 in
1367 537 1484 565 colone
1501 541 1699 572 transverso,
1721 539 1771 571 (ut
1787 535 1829 564 ita
1845 535 2010 573 appellem
2030 536 2193 565 secundae

373 606 521 636 intestini
544 605 645 645 partis
671 604 837 634 transitum
860 604 902 633 ad
927 602 1068 640 tertiam)
1091 600 1324 641 perfectiorum
1348 602 1388 629 ab
1412 600 1599 630 animalium
1617 601 1866 640 diaphragmate
1882 601 1968 630 baud
1992 600 2035 630 ita
2051 600 2195 630 alienum

374 672 516 701 videtur.
560 671 657 699 Nulla
685 669 836 707 equidem
867 667 1078 706 microseopii
1110 676 1173 707 ope
1202 668 1353 707 detegere
1383 666 1474 706 potui
1503 677 1577 695 vasa
1607 666 1639 694 in
1669 666 1876 695 nxesenterio.
1921 665 2071 695 lntestini
2093 666 2195 705 lungi-

376 737 524 767 tudinem
546 736 579 765 in
603 736 658 774 iis,
691 746 775 773 qnae
799 734 907 763 minus
936 737 1121 763 contractae
1151 737 1262 771 erant,
1295 741 1377 771 ego,
1410 736 1443 760 ut
1466 730 1688 769 'lic-demanii,
1720 733 1794 771 plus
1823 742 1922 769 quam
1947 730 2102 769 triplicem
2126 740 2196 760 cor-

377 802 469 842 poris
491 801 732 842 longitudinem
757 810 898 838 aequare
921 799 1050 838 iuveni,
1073 803 1107 827 ut
1129 798 1161 827 in
1185 798 1250 827 hol.
1272 797 1383 835 aliqua
1406 802 1473 825 atra
1496 802 1639 834 quatuor
1660 796 1797 835 pollices
1820 796 1957 835 longum
1982 801 2049 824 erat
2066 805 2197 834 eorpus,

375 867 528 898 tredecim
551 872 654 896 autem
678 865 815 905 pollices
836 863 1041 893 intestitnun.
1086 863 1314 898 Membranam
1338 860 1510 890 ventriculi
1529 871 1693 890 mucosum
1710 861 1898 891 snbt'uscam
1922 862 2052 900 saepius
2074 861 2196 900 inveni,

374 932 526 973 inprimis
555 931 589 961 iu
618 929 809 960 bolothuria
838 933 925 964 atra,
960 938 1200 965 nonnunquam
1234 926 1364 967 punctis
1395 925 1497 966 nigris
1520 926 1553 955 in
1577 926 1678 955 lineas
1709 926 1877 966 dispositis
1907 932 2072 965 ornatam,
2104 926 2196 956 utin

376 998 532 1028 Mtittcria
554 997 705 1028 echinite.
747 997 824 1025 Item
848 995 994 1024 cloacam
1023 993 1056 1022 in
1081 993 1234 1023 omnibns
1259 1003 1408 1031 saeuam,
1440 993 1582 1021 obscuro
1613 993 1724 1021 colore
1747 991 1952 1029 aliquantum
1976 990 2134 1029 infusam,
2166 995 2198 1021 et

375 1063 468 1094 tibris
499 1064 541 1093 ad
566 1062 734 1092 musculos
765 1066 966 1091 transversos
1002 1059 1132 1089 affixam
1167 1059 1285 1098 reperi.
1342 1059 1380 1087 ln
1409 1059 1554 1097 Synapta
1584 1057 1702 1087 Beselii
1728 1057 1806 1086 item
1835 1058 1918 1086 dnae
1944 1062 2021 1086 sunt
2052 1057 2198 1087 intestini

375 1131 540 1168 flexurae,
570 1129 628 1159 sed
659 1128 691 1157 in
715 1126 879 1157 anteriore
901 1136 1005 1164 aeque
1034 1131 1132 1163 atquc
1160 1124 1194 1154 in
1216 1122 1401 1164 posteriore
1430 1125 1579 1162 eorporis*
1607 1124 1810 1153 extremitate
1832 1124 2036 1161 aliquantum
2058 1123 2199 1162 simplex

376 1193 521 1224 decurrit:
547 1192 750 1222 intestinum.
794 1191 1027 1221 Mesenterimn
1057 1191 1191 1229 quidem
1222 1190 1255 1219 in
1284 1200 1321 1219 ca
1349 1188 1478 1225 inveni,
1506 1189 1565 1218 sed
1588 1199 1648 1219 nce
1670 1190 1822 1228 cloacam,
1852 1200 1911 1219 nec
1935 1188 2048 1227 fibras,
2075 1199 2158 1227 quae
2179 1199 2198 1219 a

375 1259 534 1292 musculis
556 1258 750 1289 transversis
772 1259 814 1288 ad
838 1256 984 1287 intestini
1008 1256 1108 1287 tinem
1129 1267 1201 1287 sese
1223 1256 1440 1297 porrigerent.

951 1369 979 1406 Q.
1004 1378 1030 1398 2.
1073 1366 1258 1396 ORGANA
1280 1368 1621 1396 RESPtnA'sttnts.

457 1446 638 1476 Pulmones
658 1449 744 1475 reete
767 1443 900 1483 quidem
923 1442 1101 1473 delineavit
1124 1444 1263 1482 Miiller,
1285 1445 1341 1473 scd
1367 1454 1443 1473 vasa
1464 1443 1602 1483 adiposa
1627 1444 1794 1482 (tfcttgc
1809 1441 1937 1479 s'fisse)
1960 1450 2016 1470 eos
2039 1440 2195 1480 appellat.

375 1511 470 1541 Oken
487 1511 684 1550 pulmonem
694 1509 783 1540 iecur
800 1520 878 1548 esse,
893 1514 990 1547 atque
1006 1508 1038 1537 in
1055 1508 1200 1538 intestini
1217 1508 1310 1546 vasis,
1328 1517 1412 1546 aqna
1429 1518 1487 1546 per
1503 1508 1650 1537 foramen
1669 1507 1831 1546 posticum
1849 1506 2018 1546 rcspirata,
2032 1505 2198 1546 sanguinis

373 1576 444 1606 lieri
466 1575 624 1606 existimat
646 1575 892 1614 oxydationem.
927 1574 1130 1603 'sicdemann
1155 1574 1305 1602 dextrum
1329 1575 1522 1612 pulmonem
1546 1573 1630 1602 iuter
1651 1573 1791 1612 primam
1816 1578 1845 1602 et
1861 1569 2198 1601 seenndamintcstini

375 1646 503 1681 partem
518 1640 658 1679 invenit,
680 1639 908 1669 intestinorum
926 1639 1009 1668 vasis
1026 1639 1187 1668 artissime
1202 1639 1366 1675 iunctum,
1389 1640 1517 1669 laevum
1535 1644 1645 1669 eontra
1661 1640 1854 1678 pulmonem
1872 1637 1956 1667 inter
1970 1637 2145 1667 secundant
2169 1640 2199 1666 et

375 1706 504 1736 tertiam
526 1704 672 1735 intestini
693 1710 840 1744 partem,
874 1715 986 1733 verum
1012 1715 1078 1733 non
1102 1705 1283 1742 intestinis,
1315 1707 1373 1735 sed
1406 1705 1470 1735 enti
1493 1705 1640 1736 at'tixum.
1684 1706 1729 1734 Ex
1752 1703 1809 1741 iis,
1838 1713 1918 1741 quas
1948 1713 2008 1743 ego
2035 1707 2197 1732 scrutatus

374 1781 470 1810 sum,
500 1770 637 1800 marium
671 1770 871 1810 tropieorum
895 1770 1114 1809 hotothuriis,
1151 1776 1181 1799 et
1212 1769 1441 1800 intestinorum
1472 1776 1501 1800 et
1535 1769 1704 1809 pulmonis
1736 1770 1844 1799 sedem
1873 1769 1969 1808 plane
1999 1766 2197 1797 contrariam

373 1836 503 1875 inveni,
537 1836 580 1865 ita
611 1840 646 1865 ut
674 1836 787 1865 laevus
812 1837 927 1874 pulmo
959 1835 1155 1865 intestinalis
1184 1835 1240 1873 sit,
1275 1837 1387 1865 dexter
1419 1835 1485 1866 cuti
1514 1836 1701 1865 adhaereat.
1744 1835 1783 1863 In
1813 1835 1964 1880 dextrum
1993 1838 2023 1862 et
2045 1831 2197 1871 superius

375 1903 507 1932 cloacae
534 1903 618 1931 latus
645 1902 762 1941 pulmo
792 1901 867 1931 exit.
912 1902 1038 1930 Laevus
1066 1902 1235 1930 lironebus
1263 1901 1347 1930 infra
1377 1903 1546 1936 flexuram,
1580 1911 1665 1938 quae
1690 1900 1774 1930 inter
1803 1899 1935 1939 pritnam
1966 1903 1995 1927 ct
2018 1897 2197 1927 secundam

372 1966 521 1997 intestini
546 1966 681 1997 interest
710 1972 854 2006 partem,
884 1971 915 1996 ct
944 1977 1043 2006 supra
1073 1966 1186 1996 tertiae
1217 1966 1317 2006 partis
1349 1966 1447 1996 tinem
1480 1966 1662 2004 deseendit,
1696 1977 1769 1995 cum
1806 1966 1922 1994 dextro
1955 1974 2026 1994 sese
2057 1963 2198 2003 iungens

374 2033 537 2063 broncho.
581 2033 699 2063 Pulmo
724 2032 853 2072 multis,
886 2032 1044 2071 ramosis,
1074 2033 1340 2071 saei-isormibus,
1373 2041 1612 2069 nonnunquam
1643 2030 1810 2060 cruciatim
1836 2029 2004 2069 dispositis
2027 2027 2199 2067 componi-

373 2103 427 2128 tur
451 2098 598 2137 cellulis,
628 2098 755 2128 tertiam
788 2098 894 2128 lineae
920 2104 1045 2137 partem
1071 2099 1197 2139 longis,
1230 2103 1331 2137 atquc
1356 2096 1602 2136 amphibiorum
1629 2096 1744 2126 similis
1768 2102 1812 2125 cst
1840 2093 2066 2135 pulmonibus.
2109 2095 2198 2123 Non-

371 2173 545 2202 nunquam
569 2163 666 2193 etiam
691 2165 801 2193 aerem
823 2163 1031 2194 holotburias
1056 2164 1218 2203 inspirare
1242 2163 1336 2193 Ticd.
1363 2163 1559 2193 observavit.
1612 2163 1731 2192 Pnlmo
1757 2163 1888 2199 dexter,
1920 2159 1984 2190 cuti
2006 2161 2198 2197 adhaerens,

371 2229 468 2259 laevo
493 2228 625 2268 similis,
652 2229 709 2258 sed
733 2229 946 2268 paucioribus
975 2229 1153 2259 instructus
1181 2235 1227 2260 est
1256 2229 1392 2260 cellulis.
1444 2229 1673 2258 Bronchorum
1702 2227 1821 2257 ramuli
1850 2235 1917 2254 non
1943 2224 2125 2254 dichotomi
2158 2235 2197 2254 cx

374 2294 481 2324 can'ali
506 2294 659 2324 oriuntur
685 2295 854 2334 pulmonis
880 2295 1136 2335 longitudiuali,
1160 2306 1258 2334 quem
1284 2295 1317 2325 in
1343 2295 1503 2335 pulmone
1528 2294 1593 2324 enti
1615 2295 1814 2324 adhaerente
1838 2290 1871 2320 in
1894 2289 2067 2320 ventriculi
2089 2290 2197 2319 adhuc

373 2359 512 2400 regione
537 2358 644 2389 lineae
670 2358 827 2388 dimidiae
852 2360 1047 2390 diametrum
1074 2361 1250 2390 habentem
1277 2360 1389 2390 inveni
1414 2361 1447 2390 in
1473 2360 1681 2391 ssobadscbia
1705 2361 1904 2387 marmorata
1934 2361 1996 2385 tres
2019 2355 2072 2384 vix
2100 2354 2198 2394 potti-

375 2435 427 2455 ces
455 2425 566 2465 longa.
610 2425 649 2453 In
673 2424 736 2454 alia
764 2425 970 2454 Boliadsehia
994 2431 1209 2464 marmorata,
1241 2431 1316 2455 octo
1345 2425 1483 2466 pollices
1513 2425 1632 2465 longa,
1658 2423 1691 2453 in
1715 2421 1820 2452 dextri
1845 2421 2014 2461 pulmonis
2037 2421 2197 2458 broncho,

374 2499 482 2530 prope
503 2491 638 2530 ostium,
668 2500 784 2528 cancer
807 2495 873 2520 erat
896 2490 1040 2531 integer,
1072 2500 1128 2520 sex
1151 2490 1254 2520 lineas
1279 2492 1420 2531 longus,
1455 2496 1599 2529 quatuor
1627 2495 1657 2519 ct
1686 2487 1856 2522 dimidiam
1884 2487 1985 2525 latus,
2014 2485 2048 2515 in
2074 2493 2199 2526 magno

376 2556 518 2592 quodam
545 2555 752 2587 diverticulo.
794 2555 832 2585 ln
855 2556 923 2585 bol.
947 2560 1014 2585 atra
1036 2555 1206 2595 pulmonis
1231 2557 1377 2585 canalem
1403 2555 1610 2594 aliquantum
1637 2565 1779 2595 opaeum
1808 2552 1931 2582 inveni.
1973 2553 2012 2580 In
2040 2550 2196 2580 omnibus

374 2619 444 2650 1201.
467 2620 509 2649 ad
529 2620 706 2651 lateritium
728 2621 845 2661 pulmo
872 2621 1078 2660 aliquantum
1106 2622 1283 2652 accedebat
1306 2622 1468 2661 colorem,
1496 2621 1648 2662 inprimis
1671 2625 1782 2651 autem
1804 2619 1840 2649 in
1861 2618 1930 2649 hol.
1953 2622 2031 2647 atra.
2073 2614 2198 2645 Miiller
