2373 3028
685 441 1398 491 PRAEFATIO.

134 690 330 737 Professor
376 699 636 741 Scuommm,
670 696 971 734 veneratissimus
1013 709 1117 734 meus
1151 697 1343 745 magister,
1382 708 1453 746 pro
1494 708 1655 737 summa,
1702 708 1775 746 qua
1818 695 1951 732 litteris

135 815 287 852 operam
326 799 501 838 dantibus
546 799 721 836 subvenit
758 798 1011 842 humanitate,
1065 813 1111 836 ex
1150 798 1405 850 pulcherrima
1450 812 1516 836 sua
1554 812 1682 835 rerum
1721 798 1951 842 'naturalium

134 903 376 944 collectione,
404 914 424 937 a
448 901 618 939 Doctore
647 902 751 938 Besel
769 914 815 938 ex
843 900 963 937 insula
991 900 1147 938 Celebes
1174 901 1299 943 missa,
1327 900 1591 952 disquirendas
1618 901 1708 938 mihi
1737 900 1842 938 dedit
1867 914 1952 952 per-

132 1004 265 1040 multas
290 1003 524 1041 holothurias
558 1004 597 1040 in
624 1017 734 1041 usum
763 1003 1032 1040 dissertationis
1060 1016 1166 1039 meae
1194 1003 1430 1053 inauguralis.
1486 1005 1716 1054 Quanquam
1741 1018 1951 1055 perpaucas

133 1114 278 1143 tantum
307 1105 581 1156 descriptarum
608 1105 909 1142 holothuriarum
938 1104 1081 1155 species
1108 1105 1188 1154 ipse
1213 1102 1308 1147 vidi,
1349 1118 1420 1141 nec
1452 1105 1566 1142 ullam
1600 1107 1789 1143 viventem
1826 1107 1952 1143 obscr-

131 1208 236 1249 vavi,
265 1221 483 1258 quanquam
512 1208 690 1259 temporis
713 1216 909 1258 praetcrea
940 1215 977 1243 et
1009 1207 1280 1244 nonnullorum
1304 1208 1489 1245 librorum
1520 1207 1689 1246 defectus
1717 1208 1808 1244 mihi
1837 1208 1950 1244 inter-

132 1311 250 1353 venit,
279 1309 520 1348 nihilominus
550 1310 846 1360 Monographiac
881 1310 994 1346 totius
1024 1311 1170 1360 generis
1198 1310 1356 1346 formam
1388 1309 1474 1346 dedi
1502 1310 1591 1347 huic
1621 1311 1814 1362 opusculo.
1868 1312 1950 1348 Hoc

132 1413 232 1449 enim
262 1411 375 1449 modo
404 1413 544 1463 optime
576 1412 718 1453 locum,
756 1424 869 1461 quem
900 1410 970 1448 hae
1009 1425 1128 1449 novae
1154 1413 1297 1463 species
1324 1414 1361 1449 in
1385 1421 1585 1464 systemate
1622 1421 1799 1456 teneant,
1841 1413 1949 1461 signi-

131 1514 255 1556 ficari,
297 1523 334 1551 et
362 1514 623 1552 adnotationes
651 1527 750 1550 meas
788 1513 1015 1550 anatomicas
1055 1521 1091 1550 et
1123 1513 1396 1564 physiologicas
1432 1514 1606 1565 organico
1653 1513 1818 1564 quodam
1850 1528 1949 1551 nexu

131 1617 305 1667 coniungi
341 1630 448 1667 posse
486 1617 695 1653 credebam.
735 1638 782 1642 —
821 1615 1123 1666 Magnitudinem
1149 1624 1185 1651 et
1216 1616 1380 1651 colorem
1409 1629 1615 1658 novarum,
1656 1629 1748 1664 quas
1785 1629 1851 1664 ego
1888 1615 1951 1651 de-

131 1718 279 1769 scripsi,
330 1719 541 1769 specierum
586 1718 720 1767 spiritu
766 1718 841 1754 vini
879 1719 1114 1768 aliquantum
1157 1717 1314 1755 dubium
1352 1717 1545 1754 redditum
1596 1729 1694 1759 csse,
1746 1716 1801 1752 his
1843 1716 1950 1753 simul

131 1819 399 1857 admonuerim.

228 1923 380 1960 Publice
409 1923 542 1972 gratias
567 1935 678 1973 agens
709 1922 982 1959 professoribus
1005 1922 1276 1964 celeberrimis,
1303 1923 1565 1965 Scuossmm,
1595 1922 1706 1959 ΟΚΕΝ
1736 1930 1772 1958 et
1798 1922 1948 1963 Sciuxz,

132 2025 195 2073 qui
235 2038 376 2062 summa
414 2026 452 2062 in
488 2026 688 2063 scribendo
730 2025 803 2062 hoc
845 2025 1026 2075 opusculo
1066 2023 1157 2061 mihi
1195 2009 1452 2060 subvenerunt
1496 2022 1749 2072 benignitate,
1801 2022 1951 2058 lectoris

132 2125 415 2164 benevolentiae
443 2141 484 2164 ac
513 2128 732 2164 clementiae
760 2128 983 2165 commendo
1012 2127 1110 2164 hanc
1138 2125 1440 2164 dissertationem
1470 2124 1735 2174 inauguralem.
