2373 3028
1127 274 1171 329 C
1191 295 1254 328 xp.
1312 274 1406 327 tv.

547 408 1101 455 ΗΟΜΗΗΙ11111ὶὶ31
1148 407 1403 451 th‘tsl‘NDl
1452 407 1663 462 RATIO,
1713 407 1866 452 '[‘S[S
1913 411 1988 453 tiT

810 497 994 541 Ins'l'ss
1022 494 1210 539 ECHO
1261 493 1440 539 GEOG
1461 494 1726 540 MPIHCA.

363 713 595 756 llolotliuriae
615 725 650 754 in
673 723 818 754 maribus
842 725 979 763 (legunt,
1003 721 1149 761 quinque
1170 723 1212 752 ad
1233 720 1418 760 quindecim
1442 724 1543 762 pedes
1566 722 1758 762 plerumque
1777 724 1838 752 sub
1861 712 2016 762 aequore.
2061 723 2181 753 Mttllcr

364 794 434 822 lAOl·
457 793 639 832 elegantem
675 800 712 819 2⁷0
727 806 765 811 —-
783 792 820 819 80
844 790 924 818 l'xla
940 789 970 817 1'1
986 799 1043 827 er,
1079 788 1148 817 hol.
1171 787 1277 817 susum
1310 796 1347 818 20
1370 788 1518 817 Fadcn
1547 788 1608 817 sul)
1636 797 1777 826 aequore
1800 787 1847 816 iux
1858 787 1935 817 enit.
1978 789 2126 817 soi-tasse
2149 787 2183 817 in

364 854 677 896 septentrionalibus
712 858 835 883 tantum
860 853 1006 882 maribus
1028 853 1283 892 profundiorem
1316 853 1387 881 hol.
1412 858 1523 882 amant
1545 863 1682 891 aquam,
1717 850 1872 890 aquilone
1900 852 2008 882 minus
2030 853 2185 893 agitatam

364 927 395 950 et
418 919 624 950 calidiorem.
666 919 744 949 Hol.
767 928 863 947 verae
885 917 918 946 iu
941 917 1107 957 lapidibus
1130 928 1245 957 repere
1267 922 1383 956 aiuant,
1406 917 1586 946 nonnullae
1609 916 1705 946 etiam
1728 915 1762 944 in
1784 916 1875 955 limo,
1899 923 1930 946 ut
1954 918 2021 948 hol.
2044 919 2186 957 elegans.

365 990 418 1014 aut
444 984 474 1012 in
497 982 712 1023 spongiarum
737 981 828 1021 poris
851 988 882 1012 et
905 984 966 1012 sub
988 983 1155 1022 lapidibus
1177 992 1249 1012 sese
1269 982 1494 1020 abscondunt,
1524 987 1558 1011 ut
1586 981 1726 1010 rorskal
1753 981 1793 1010 dc
1820 983 1888 1011 hot.
1913 983 2051 1012 maxima
2076 983 2183 1020 refert,

367 1049 565 1078 Cliiroilotae
588 1047 622 1076 iu
645 1057 760 1085 arena,
782 1052 835 1076 aut
857 1047 956 1077 ctiam
978 1047 1063 1077 inter
1084 1047 1188 1077 fucos.
1232 1048 1309 1077 Hol.
1324 1051 1508 1085 squamata,
1529 1052 1559 1076 et
1582 1051 1717 1085 ceterae,
1741 1057 1879 1085 quarum
1902 1053 2016 1077 venter
2038 1048 2188 1077 discifor-

367 1114 424 1143 niis
447 1119 508 1151 cst,
533 1113 672 1152 rupibus
694 1113 891 1151 patellarum
913 1112 1016 1141 instar
1038 1113 1217 1141 adhaerere
1238 1113 1359 1142 solent.
1395 1114 1628 1143 Pcntactarum
1650 1112 1733 1141 aliae
1754 1112 1788 1141 in
1810 1112 1906 1151 limo,
1929 1113 2028 1151 aliae,
2051 1119 2085 1142 ut
2108 1123 2188 1152 pcn-

367 1186 450 1210 tacla
473 1178 696 1209 croceainter
719 1177 822 1209 sucos.
863 1177 1028 1216 Synaptae
1052 1177 1190 1216 rupibus
1211 1179 1407 1216 adhaerent,
1438 1179 1602 1218 undarum
1630 1177 1790 1216 impetum
1819 1177 1972 1207 anchoris
2003 1177 2097 1216 quasi
2118 1178 2190 1208 irri-

369 1252 438 1275 tum
462 1246 649 1275 reddentes.
686 1245 812 1273 Doctor
834 1243 927 1272 Bescl
948 1247 1108 1281 synaptae
1131 1252 1252 1272 novam
1276 1253 1375 1282 quam
1402 1243 1489 1273 misit
1509 1244 1652 1283 speciem
1675 1242 1881 1272 immobilem
1905 1253 2010 1282 paene
2033 1243 2065 1272 in
2088 1244 2190 1274 humo

369 1311 475 1341 iacere
498 1310 606 1341 refert.
650 1311 742 1350 Quae
764 1309 919 1348 'l'rcpang
942 1308 1164 1347 appellantur,
1186 1307 1219 1336 in
1242 1308 1456 1337 corallici-um
1483 1308 1679 1348 plerumque
1699 1309 1814 1339 sedent
1838 1319 1947 1339 arena.

453 1437 682 1468 Loeoniotioni
711 1435 894 1466 inserviunt
922 1436 1025 1474 pedes
1056 1434 1337 1465 cucurbitularum
1364 1434 1467 1464 instar
1496 1444 1568 1465 sese
1589 1434 1798 1476 insugentes,
1828 1439 1927 1473 atque
1951 1436 2189 1465 lenunculorum

374 1514 459 1543 quae
489 1508 564 1534 sunt
593 1504 727 1542 peltata.
769 1501 901 1541 Minyas
931 1511 1027 1530 anuin
1058 1501 1176 1530 tollens
1206 1499 1272 1530 oris
1300 1499 1514 1540 progreditur
1536 1499 1717 1530 tentaculis.
1762 1499 2015 1530 Chirodotarum
2038 1511 2193 1530 verrucae

372 1570 448 1599 illac
471 1574 505 1598 ut
528 1568 658 1598 videtur
681 1566 827 1597 crcctiles
850 1565 1068 1596 loconiotioni
1090 1565 1124 1595 in
1146 1575 1245 1595 arena
1266 1564 1443 1596 sufficiunt.
1457 1584 1496 1591 —-
1520 1565 1661 1596 Natandi
1675 1565 1893 1596 instrumenta
1908 1566 2001 1596 nulla
2014 1565 2048 1595 in
2064 1567 2194 1596 holoth.

372 1634 597 1664 inveniuntur.
640 1633 671 1661 Si
693 1632 794 1673 igitur
814 1643 850 1662 re
872 1642 949 1662 vera
970 1632 1107 1661 fundum
1130 1631 1318 1670 relinquere
1339 1635 1495 1670 possunt,
1523 1635 1578 1661 aut
1603 1635 1710 1661 totum
1733 1636 1904 1662 moventes
1925 1641 2062 1672 eorpus,
2092 1638 2125 1661 ut
2148 1632 2196 1661 lii-

375 1699 530 1735 rudines,
552 1708 605 1728 eas
629 1702 756 1736 natare,
780 1702 835 1727 aut
857 1698 1022 1726 undarum
1044 1695 1176 1736 penitus
1199 1696 1334 1726 arbitrio
1356 1706 1428 1726 sese
1450 1697 1528 1726 dare
1550 1701 1699 1736 oportet,
1723 1696 1857 1736 inflatis,
1885 1702 1919 1727 ut
1940 1697 2100 1738 suspicari
2121 1707 2197 1737 pos-

375 1765 433 1804 sis,
464 1765 703 1794 nonnullarum
730 1763 916 1802 specierum
947 1761 1117 1802 pulmonis
1140 1761 1206 1791 illis
1228 1760 1482 1801 appendicibus.
1527 1762 1639 1800 (Conf.
1662 1762 1778 1802 Anat.)
1820 1763 1941 1793 Veram
1961 1768 2069 1793 autem
2093 1763 2199 1792 holot.

377 1836 542 1861 natantem
576 1830 687 1859 nullus
715 1829 824 1858 adhue
847 1827 987 1868 scriptor
1008 1827 1079 1867 ipse
1102 1826 1304 1866 observavit,
1337 1831 1368 1857 et
1388 1827 1480 1866 quod
1501 1826 1710 1868 navigatores
1732 1828 1970 1858 nonnullarum
1993 1828 2201 1858 holothuvia-

378 1908 467 1935 runi,
491 1900 700 1936 (pentaetaez
725 1893 812 1924 cons.
836 1892 979 1932 Miiller)
1002 1902 1143 1933 corpora
1166 1892 1264 1923 undis
1285 1902 1528 1933 nonnunquam
1550 1893 1664 1924 iactari
1685 1893 1851 1933 viderunt,
1886 1896 2016 1924 nullum
2039 1900 2086 1925 est
2108 1905 2203 1936 argu·

380 1967 538 1992 mentum.
582 1960 771 2000 Minyadein
794 1963 904 1988 autem
928 1959 1053 1988 Lesson
1074 1958 1109 1987 in
1131 1968 1276 1996 aequore
1297 1959 1455 1989 medusae
1478 1958 1582 1989 instar
1602 1959 1684 1990 vidit
1705 1969 1914 2000 suspensam.
1957 1961 2121 2000 Synaptas
2142 1960 2202 1990 im-

380 2026 527 2066 perfecto
558 2025 693 2055 natandi
721 2025 824 2054 modo
853 2025 965 2054 locum
988 2028 1115 2053 mutare
1137 2023 1237 2053 refert
1260 2024 1436 2064 Eschholz,
1468 2025 1559 2063 quod
1581 2024 1716 2063 quidem
1739 2036 1778 2055 eo
1802 2025 2011 2056 verisimilius
2033 2031 2096 2065 est,
2126 2025 2202 2064 quia

380 2092 432 2121 liis
456 2092 565 2121 nullus
588 2091 672 2120 alius
694 2095 841 2130 superest
865 2088 1100 2120 loeomotionis
1123 2089 1259 2128 modus,
1281 2093 1312 2119 et
1334 2088 1412 2127 quia
1433 2088 1517 2120 cutis
1540 2090 1671 2120 tenuior
1693 2090 1730 2120 iis
1755 2091 1866 2130 potius
1889 2101 1987 2130 quam
2011 2090 2082 2120 aliis
2106 2091 2203 2120 holo-

383 2157 502 2188 thuriis
524 2157 582 2186 lias
605 2156 798 2185 hirudinum
821 2156 996 2185 undulatas
1019 2154 1173 2195 permittit
1195 2154 1374 2185 motiones.
1406 2155 1520 2193 Aquae
1534 2165 1574 2185 ex
1591 2165 1655 2185 ano
1670 2155 1903 2194 extrusionein,
1925 2165 2007 2194 quae
2022 2156 2204 2185 secundum

384 2225 564 2253 Doctorem
594 2222 690 2252 Besel
717 2221 814 2251 etiam
842 2221 877 2251 in
900 2221 1110 2251 Holothuriis
1133 2220 1297 2261 reperitur
1317 2222 1478 2262 pulmone
1499 2221 1654 2262 privatis,
1685 2220 1905 2253 locomotioni
1925 2220 2084 2251 inservire
2106 2230 2205 2260 posse

385 2287 564 2319 verisimile
587 2292 648 2318 cst.

467 2414 666 2444 Carnivorae
687 2418 763 2444 sunt
786 2413 1017 2444 Holothuriac.
1059 2414 1183 2444 Miiller
1204 2414 1452 2445 etTietlemann
1474 2414 1508 2445 in
1531 2416 1778 2455 Europaearum
1799 2414 2064 2444 holothuriarum
2086 2414 2209 2446 intesti-

389 2479 439 2511 nis
462 2485 592 2520 praeter
615 2485 710 2511 testas
734 2479 962 2510 obscuriorem
985 2484 1149 2509 terrenam
1171 2480 1368 2510 invenerunt
1390 2479 1568 2520 materiem,
1590 2490 1691 2519 quam
1713 2481 1756 2510 ob
1779 2491 1847 2511 rem
1871 2480 1952 2510 limo
1976 2490 2029 2510 eas
2051 2479 2158 2520 pasci,
2178 2484 2209 2510 ct

391 2545 566 2585 conchylia
590 2546 725 2576 fortuito
749 2545 929 2587 deglutisse
950 2544 1137 2585 suspicatus
1160 2549 1206 2575 est
1229 2546 1364 2576 Miillcr.
1403 2545 1565 2585 Equidem
1585 2556 1756 2585 nunquam
1778 2547 1869 2576 aliud
1892 2546 2090 2585 quidquam,
2112 2555 2212 2584 quam

391 2621 540 2651 arenant,
572 2612 746 2654 conchylia
774 2616 804 2643 et
834 2611 1081 2653 zoophytorum
1110 2611 1294 2654 fragmenta
1322 2611 1358 2643 in
1385 2611 1546 2647 intestinis
1574 2612 1700 2654 reperi,
1730 2612 1766 2644 in
1792 2621 1862 2644 uuo
1883 2616 2010 2643 tantum
2031 2611 2101 2642 1101.
2121 2615 2210 2641 atrae
