2373 3028
1927 165 1945 187 f,
1955 164 1963 197 1

1926 188 1945 196 a.

195 268 250 306 Sp.
278 278 302 295 ι.
346 265 539 304 Parnasum.
583 261 685 293 Meni.
710 264 750 293 de
773 263 908 292 Stoclth.
936 263 1024 300 1767.
1069 258 1165 288 Mttll.
1183 257 1278 287 Zoot.
1299 257 1382 286 Dan.
1403 256 1440 285 T.
1460 264 1529 286 112.
1551 258 1620 287 113.
1644 258 1675 285 et
1705 254 1782 285 inde
1814 263 1966 295 expressa

275 330 307 358 in
331 329 468 368 Eueyel.
494 326 588 358 nielli.
613 329 662 367 pl.
689 331 736 359 aa.
760 330 793 358 F.
822 340 844 358 ι.

235 401 366 440 Corpus
399 401 604 430 subovatum.
659 401 797 428 Dorsum
828 407 1032 434 convexum,
1062 403 1294 433 squamosum,
1325 392 1359 421 in
1389 396 1481 431 parte
1508 390 1665 421 inferiore
1695 390 1806 420 discus
1837 391 1969 420 mollior

153 465 286 504 planus,
309 465 449 504 pedibus
471 465 504 494 in
530 471 592 494 tres
615 464 716 493 lineas
746 462 1004 503 longitudiualcs
1035 458 1203 500 dispositis
1230 458 1423 496 instructus,
1455 466 1598 495 quorum
1628 466 1690 495 ope
1718 454 1836 485 animal
1864 455 1973 494 serpit,

155 537 263 570 caput,
288 537 317 560 et
343 530 577 560 extremitatem
602 527 819 568 posteriorem
844 526 956 556 conice
973 531 1173 555 attenuatam
1191 524 1319 554 tollens.
1349 522 1529 552 Tentat-ula
1545 522 1658 551 decem
1676 530 1815 550 ramosa.
1850 520 1967 549 Dec-cni

154 597 254 634 perles
277 596 360 625 circa
383 605 481 625 anum
505 593 604 634 positi
626 591 854 622 Boliadschiae
877 590 1021 620 rcl‘crunt
1042 589 1243 630 analogiam.

236 661 341 690 Maria
364 662 515 699 Europae
539 655 820 698 septentrionalia.

194 754 247 792 Sp.
273 763 299 782 2.
342 748 632 791 Appenclieulala.
676 748 803 779 Blainv.
828 747 912 779 Dict.
936 748 992 777 (les
1015 757 1058 776 se.
1082 752 1145 776 nat.
1168 748 1205 776 Ἰ.
1230 758 1276 777 21.
1302 757 1334 786 p.
1358 750 1427 786 ὄις.

235 825 363 862 Corpus
386 827 535 859 ovatum,
568 821 738 860 paululum
762 821 970 859 depressum,
1003 818 1085 848 cutis
1109 818 1268 848 coriacea.
1322 819 1361 847 In
1384 820 1497 847 ventre
1516 816 1618 855 plano
1640 815 1742 854 pedes
1764 814 1910 844 tubulosi
1939 814 1972 843 in

154 893 218 918 tres
242 886 393 926 dispositi
416 885 528 915 lineas.
571 886 748 915 Tentacula
772 884 896 922 brexia,
922 884 975 914 vix
999 883 1182 923 trifurcata,
1205 883 1391 913 duodecim.
1435 885 1524 912 Anus
1549 881 1733 922 appendice
1756 884 1871 911 tectus.

233 954 282 983 Ile
305 953 345 982 de
366 953 499 982 France.

195 1046 248 1085 Sp.
272 1048 300 1075 3.
350 1042 517 1074 Timama.
562 1045 650 1074 Less.
674 1045 723 1074 Pl.
746 1047 792 1080 43.

232 1115 375 1146 Holoth.
399 1115 578 1155 bipedalis,
607 1117 623 1144 6
646 1115 783 1155 pollices
807 1114 840 1143 in
863 1114 999 1144 circuitu
1023 1116 1160 1144 habeus.
1203 1116 1347 1144 Dorsum
1370 1122 1565 1150 convexum,
1593 1116 1777 1142 transverse
1800 1120 1969 1151 rugosum.¹

154 1183 289 1220 durum,
311 1180 762 1221 coriaceo-carzilagiuosum.
808 1182 930 1211 Venter
951 1181 1068 1219 laevis,
1090 1180 1123 1209 in
1144 1173 1232 1210 linea
1254 1189 1313 1209 sua
1338 1178 1491 1209 mediana
1513 1176 1679 1218 profunde
1701 1177 1862 1215 sulcatus,
1885 1181 1973 1206 totus

152 1246 440 1284 vermisormilms,
463 1247 632 1284 brevibus,
656 1246 793 1285 conieis,
817 1245 999 1276 rotundatis
1025 1245 1152 1276 obsitus
1176 1245 1329 1285 pedibus.
1372 1246 1517 1274 Dorsum
1540 1242 1856 1281 rubro-cinereum,
1877 1241 1972 1271 lineis

152 1313 300 1343 lateritiis
322 1312 488 1351 striatum,
509 1312 645 1343 maculis
667 1312 903 1353 irregularibus
925 1311 1080 1351 rutaceis,
1101 1311 1228 1341 intense
1250 1311 1368 1352 nigris,
1392 1308 1661 1350 albomarginatis
1678 1312 1842 1346 notatum,
1867 1306 1975 1346 papil-

151 1378 190 1408 lis
215 1378 379 1418 {pedibus}
397 1378 655 1408 vermisormibus
672 1376 951 1407 castaneo-fuscis
969 1376 1176 1407 instructum.
1218 1378 1342 1407 Venter
1359 1375 1498 1406 candide
1512 1375 1618 1405 albus.
1659 1373 1838 1403 Tentacula
1856 1371 1970 1412 viginti

152 1444 278 1481 brevia,
303 1445 415 1484 plana,
438 1445 636 1483 lanceolata,
659 1443 781 1483 pallide
805 1443 904 1481 lutea,
927 1442 1062 1472 radiata.
1103 1443 1193 1472 Anus
1215 1441 1377 1482 posticus,
1400 1441 1587 1482 sphinctere
1611 1438 1770 1479 privatus.

233 1511 346 1540 insula
367 1510 530 1551 W'aigiout

717 1588 876 1620 TRIBUS
899 1591 930 1620 5.
972 1587 1268 1618 HOLOTHURIA
1291 1587 1407 1625 (vera).

232 1667 522 1707 Subcylindricae,
545 1668 661 1707 dorso,
684 1668 742 1698 sed
766 1667 869 1697 minus
893 1676 991 1705 quam
1010 1666 1200 1704 Psolorum,
1222 1674 1387 1703 convexo,
1410 1661 1670 1694 extremitatibus
1684 1659 1885 1699 rotundatis,
1909 1669 1971 1690 ano

151 1735 297 1764 rotundo
322 1733 467 1773 postico,
491 1744 548 1764 ore
577 1734 722 1763 rotundo
750 1733 871 1772 antico,
901 1733 1098 1771 plerumque
1122 1731 1295 1771 paululum
1323 1730 1444 1762 infero.
1483 1729 1663 1759 Tentacula
1685 1725 1816 1768 viginti,
1841 1726 1972 1765 peltata,

151 1798 228 1829 satis
251 1798 380 1836 brevia,
406 1798 440 1828 in
463 1798 588 1838 duplici
610 1797 802 1828 alternantia
827 1796 919 1826 serie.
964 1797 1067 1825 Pedes
1097 1794 1244 1825 tubulosi
1266 1795 1444 1825 retraetilcs
1470 1794 1610 1823 sortasse
1632 1792 1667 1821 in
1689 1791 1845 1821 omnibus
1870 1790 1967 1821 etiam

158 1863 192 1892 in
214 1864 311 1893 dorso
335 1863 562 1902 inveniuntur,
595 1869 625 1894 et
650 1863 741 1903 apice
771 1862 861 1891 disco
892 1870 1038 1891 concavo
1067 1859 1218 1890 instructi
1249 1864 1340 1899 sunt,
1371 1869 1439 1898 quo
1469 1857 1695 1889 cucurbitulae
1722 1857 1824 1887 instar
1851 1856 1975 1886 firmari

155 1936 305 1968 possunt.

192 2024 247 2061 Sp.
277 2034 301 2051 1.
341 2021 525 2054 Tubulosa.
558 2022 692 2059 (Miiller
714 2022 803 2050 Zool.
820 2022 903 2050 Dan.
917 2021 945 2050 Ι.
970 2031 1003 2060 p.
1021 2023 1064 2055 2.)
1082 2036 1120 2041 —-
1141 2018 1291 2049 Genitalc
1314 2018 1478 2048 marinum
1496 2018 1584 2049 Petri
1598 2016 1752 2048 Bellonii.
1782 2015 1976 2046 Holothurii

271 2086 378 2126 prima
401 2087 494 2126 Spec.
523 2087 665 2127 Bondel.
709 2088 827 2126 Hydra
857 2086 1050 2123 Boltadsch,
1081 2084 1182 2114 anim.
1211 2095 1294 2114 mar.
1321 2085 1371 2115 Pl.
1396 2085 1452 2116 VI.
1475 2089 1505 2114 et
1527 2084 1604 2115 VlI.
1648 2085 1692 2113 H.
1717 2083 1857 2112 tremula
1881 2081 1976 2110 Linn.

272 2154 358 2192 Syst.
384 2154 456 2182 Nat.
478 2153 530 2183 ed.
553 2153 633 2182 XII.
659 2153 754 2182 Coni}
778 2153 991 2181 'i'icdemautu

233 2224 361 2262 Corpus
384 2223 620 2263 cylindricum,
655 2224 739 2252 ultra
762 2233 865 2251 unuin
887 2222 1043 2262 pollicem
1071 2220 1105 2250 in
1128 2221 1303 2261 diametro,
1334 2225 1366 2251 et
1388 2221 1471 2250 ultra
1492 2219 1587 2250 unius
1609 2218 1704 2259 pedis
1729 2217 1973 2258 longitudinem

153 2288 347 2325 assequitur.
390 2289 533 2317 Dorsum
562 2287 782 2326 atrofuscum,
819 2294 932 2317 venter
961 2298 999 2317 ex
1031 2287 1122 2316 fusco
1149 2287 1312 2326 albicans,
1347 2287 1449 2326 pedes
1480 2286 1594 2316 colore
1624 2285 1701 2314 albo
1734 2284 1854 2322 nitent,
1888 2292 1972 2321 apex

154 2358 277 2382 tantum
301 2362 416 2383 eorum
440 2353 550 2382 fuscus
572 2357 629 2382 est.
663 2354 701 2382 In
725 2358 836 2383 ventre
859 2353 892 2383 bi
915 2353 1018 2393 pedes
1041 2351 1314 2391 frequentissimi,
1343 2351 1376 2381 iu
1396 2350 1500 2381 lineas
1523 2348 1782 2390 longitudinales
1805 2347 1973 2386 dispositi,
1989 2355 2005 2369 ο

155 2418 236 2446 duas
253 2416 355 2446 lineas
370 2417 476 2458 longi.
519 2418 663 2447 Dorsum
681 2419 813 2458 papillis
829 2417 952 2448 conicis
968 2417 1056 2447 (luris
1074 2416 1302 2458 magnitudine
1316 2416 1414 2447 variis
1429 2414 1594 2456 superbit,
1616 2424 1655 2444 ex
1671 2411 1808 2451 Quarum
1824 2411 1972 2451 apicibus

154 2483 256 2521 peiles
279 2482 453 2521 prodeunt.
489 2483 600 2513 Pellae
622 2484 864 2513 tentaculorum
886 2483 1011 2521 fuscae,
1033 2481 1160 2512 laciniis
1182 2481 1321 2512 ramosis
1343 2480 1525 2511 linearibus
1547 2478 1738 2509 instructae.
1769 2476 1970 2520 'Extreniitas

154 2547 320 2586 posterior
343 2545 468 2576 conica.
510 2548 599 2577 Anus
622 2549 810 2588 sphinctere
830 2547 1020 2577 instructus.

234 2612 273 2641 ln
297 2611 435 2641 marium
459 2613 710 2652 Europaeoruin
732 2612 892 2653 lapidosis
915 2623 981 2642 non
1006 2611 1174 2652 profunda
1194 2611 1255 2642 sub
1278 2619 1432 2649 aequore.
