2373 3028
363 189 411 223 34

362 283 432 311 lloe
456 289 495 309 ex
518 277 623 308 canali
646 277 794 316 quinque
817 275 932 303 ductus
955 272 987 302 in
1011 272 1150 301 alterum
1171 269 1350 309 analogum
1372 267 1480 297 serunt
1503 267 1668 305 canalem,
1690 266 1763 305 qui,
1784 269 1824 298 ab
1848 270 1972 299 annulo
1995 270 2175 301 circumda-

359 353 409 377 tus
433 355 548 384 osseo,
570 345 798 383 oesophagtnn
820 339 888 369 sixc
910 337 1108 367 anteriorem
1130 333 1303 364 ventriculi
1330 332 1431 373 cingit
1458 337 1598 372 partem.
1644 332 1681 360 ln
1705 334 1951 374 oesophagcum
1974 337 2062 365 hunc
2085 346 2178 366 cana-

359 412 423 441 lctn
447 410 688 440 tentacnlorum
712 414 895 442 eorumque
918 401 1160 433 caeeil'ormiutn
1183 399 1418 439 appendicium
1447 409 1526 428 cava
1547 397 1751 438 aperiuntur.
1793 398 1947 438 Quinque
1974 401 2110 441 insupcr
2138 413 2176 432 cx

359 488 399 507 eo
423 476 576 506 oriuntur
598 484 692 511 vasa,
723 481 807 510 qnae
840 468 955 499 mediis
988 467 1021 496 in
1052 465 1211 496 musculis
1241 464 1538 504 longitudinalibus
1570 463 1776 493 decurrentia
1803 463 1838 493 in
1867 465 1959 495 binas
1982 474 2089 505 papst-3
2114 470 2176 498 1103

360 542 529 572 musculos
555 539 716 570 dividunt,
760 538 850 565 Ilaec
870 544 946 563 vasa
968 533 1052 562 inter
1074 531 1200 561 corium
1225 536 1255 560 ct
1278 529 1362 558 inter
1377 529 1600 558 musculorum
1622 534 1758 559 stratum
1775 539 1847 559 sese
1863 530 2040 561 dividentia
2057 534 2182 564 vesicu-

363 609 401 638 lis
427 607 583 636 tininnnr
602 603 722 641 oratis,
755 610 892 640 quarum
917 609 994 628 casa
1017 608 1091 627 cum
1114 597 1238 636 pedum
1261 594 1348 624 cavis
1371 595 1559 624 cohaerent.
1602 595 1804 625 Tiedcmann
1828 596 1934 625 vesica
1956 596 2011 626 illa
2034 598 2181 629 locomo-

363 672 445 702 torIa
469 676 498 701 et
522 669 763 699 tentacnlorum
792 664 1032 705 appendicibus
1066 661 1240 692 contractis
1268 661 1369 700 pedes
1392 665 1422 690 et
1445 659 1608 690 tentacula
1630 659 1728 701 erigi,
1761 666 1791 691 ct
1813 662 1934 690 horum
1957 663 2181 694 contractione

365 737 504 767 sesicam
529 740 558 764 et
583 733 822 763 tentaeulornm
846 728 1046 769 appendices
1070 729 1211 757 humore
1240 725 1371 765 impleri
1400 724 1670 754 viviscctionibus
1692 726 1938 756 demonstravit.
1960 745 2000 748 ——
2024 728 2183 766 Equidem

365 802 397 830 in
421 802 489 830 1101.
512 805 600 829 atrae
623 807 690 826 nno
711 797 885 826 individuo
910 804 1026 828 unam,
1057 792 1092 821 in
1115 792 1219 821 altero
1243 791 1404 829 quinque,
1436 790 1469 819 in
1500 790 1596 819 terno
1620 791 1731 819 decem
1756 796 1786 820 et
1809 792 1943 829 quidem
1970 792 2114 823 minores
2137 794 2187 823 in·

367 867 439 897 veni
464 865 588 895 vesicas
611 861 863 897 loeomotorias,
885 859 918 888 in
942 859 1057 887 dextro
1078 857 1155 886 sitas
1178 857 1289 886 latere.
1333 856 1415 884 Item
1438 854 1473 884 in
1496 864 1563 884 uno
1588 855 1657 884 hol.
1679 856 1814 885 scabrae
1837 856 2008 887 individuo
2032 869 2096 888 una
2120 869 2188 889 ma—

368 933 435 969 ior,
458 930 489 959 in
512 931 615 959 altero
638 927 784 966 quinque
807 925 951 954 minores
975 928 1066 953 erant
1089 922 1226 952 vesicae.
1269 921 1307 949 ln
1332 921 1401 950 hol.
1424 920 1649 950 suscoeinerea
1664 942 1671 956 ,
1697 920 1730 949 in
1754 922 1959 952 Boltadscbia
1983 933 2079 964 argO,
2105 936 2189 954 nnn·-

370 1002 512 1032 tnorata,
546 993 580 1022 in
604 992 758 1022 Miillcria
782 992 935 1021 lccanora
957 994 986 1019 ct
1009 988 1150 1017 echinite
1172 997 1238 1016 una
1260 990 1384 1015 tantum
1407 990 1475 1015 erat
1497 986 1623 1024 vesica,
1657 996 1742 1024 qnae
1771 986 1905 1025 quidem
1927 987 1961 1016 in
1984 990 2189 1020 Bohffllschja

368 1070 449 1101 argo
472 1060 505 1089 in
529 1061 622 1089 laevo
645 1058 706 1088 sita
728 1062 795 1087 crat
816 1057 928 1086 latere.
972 1055 1009 1084 ln
1033 1052 1206 1083 Miilleriae
1236 1052 1387 1082 echinitis
1417 1052 1521 1081 altero
1542 1051 1717 1081 individuo
1740 1052 1889 1092 tertiam,
1919 1053 1952 1082 in
1975 1055 2077 1084 altero
2101 1056 2188 1084 deei-

371 1137 448 1156 mam
476 1131 597 1155 tantum
621 1124 720 1154 totius
745 1123 895 1163 eorporis
918 1119 1135 1161 longitudinis
1159 1122 1285 1158 partem
1309 1117 1471 1155 aequabat
1492 1118 1573 1147 haec
1595 1117 1713 1147 vesica.
1769 1119 1816 1147 Ex
1845 1128 1912 1156 qno
1943 1125 1973 1149 et
2000 1120 2193 1160 magnitudi-

371 1202 447 1222 nem
471 1196 499 1220 et
524 1200 691 1219 numerum
714 1190 832 1218 harum
857 1187 1033 1217 vesicarum
1056 1184 1183 1215 varium
1206 1194 1295 1222 esse,
1328 1194 1388 1213 nec
1418 1187 1521 1212 certas
1543 1181 1636 1220 sequi
1657 1183 1767 1223 leges,
1791 1189 1938 1222 apparet.
1976 1186 2047 1214 Hae
2069 1184 2195 1216 vesicae

372 1257 579 1296 aliquantum
603 1261 772 1293 curvatae,
798 1253 886 1283 hillis
908 1252 1049 1287 similes,
1078 1249 1236 1290 paulatim
1260 1248 1293 1277 in
1317 1249 1452 1277 ductum
1477 1252 1643 1277 transeunt
1666 1248 1890 1278 excretorinm.
1934 1250 2086 1280 Canalem
2108 1261 2193 1287 cum,

373 1323 431 1362 qui
454 1321 671 1362 posteriorem
695 1320 877 1350 circumdat
898 1316 1072 1347 ventriculi
1095 1316 1210 1353 finem,
1241 1319 1270 1344 et
1293 1313 1442 1352 quinque
1463 1313 1539 1343 illos
1563 1312 1783 1352 canaliculos,
1811 1313 1884 1353 qui,
1906 1315 1947 1343 ab
1969 1325 2008 1344 eo
2031 1323 2195 1355 excuntes,

374 1389 409 1418 in
437 1388 586 1417 canalem
616 1390 783 1415 transeunt
813 1384 1077 1423 ocsopbageum,
1110 1382 1151 1411 ab
1182 1379 1319 1410 arteriae
1348 1378 1542 1409 intestinalis
1571 1378 1744 1408 comitatos
1767 1389 1837 1409 csse
1863 1380 1962 1410 ramis
1985 1380 2137 1419 equidem
2160 1381 2195 1411 in

375 1453 440 1491 his,
469 1457 503 1482 ut
525 1451 730 1482 Ticdetnaun
752 1449 787 1480 in
808 1459 883 1487 sua,
912 1447 1023 1478 iuveni
1045 1445 1260 1477 holothuriis.
1285 1462 1323 1468 —-
1346 1445 1441 1474 quta
1461 1443 1622 1474 stomachi
1642 1453 1699 1473 vas
1722 1443 1882 1474 circulare
1904 1445 2085 1485 posterius,
2106 1447 2198 1487 glan-

378 1519 531 1549 dularum
556 1517 749 1546 lobosarum
772 1515 1022 1552 suscarumquc,
1043 1513 1141 1543 etiam
1164 1522 1182 1542 a
1203 1509 1443 1541 Tiedemannio
1465 1514 1666 1547 notatarum,
1686 1509 1799 1539 inveni
1821 1510 1992 1542 circulum.
2025 1513 2092 1542 Has
2107 1512 2198 1552 glan.

379 1584 473 1614 dulas
496 1593 563 1612 non
584 1591 720 1612 succum
742 1579 887 1618 aliquem
909 1578 1104 1619 gastrieum,
1126 1577 1183 1616 qui
1205 1587 1244 1606 ex
1266 1575 1405 1617 nigridis
1428 1580 1481 1605 aut
1505 1575 1605 1605 fuscis
1625 1575 1837 1605 membranae
1854 1586 2008 1606 mueosae
2023 1577 2198 1617 provenire

379 1649 510 1679 videtur
537 1647 684 1687 punctis,
717 1646 776 1675 sed
803 1645 980 1674 humorem
1002 1642 1096 1672 illum
1120 1641 1376 1672 locomotorium
1404 1651 1444 1671 ex
1464 1640 1626 1681 sanguine
1647 1640 1827 1671 intestinali
1848 1650 2021 1672 secernere
2040 1643 2201 1682 suspicor,

381 1720 412 1744 et
444 1724 483 1744 ex
504 1712 601 1742 huius
622 1710 773 1741 humoris
794 1708 1008 1740 Iocomotorii
1030 1713 1146 1737 natura
1161 1707 1440 1747 electropositiva‚
1456 1708 1497 1737 de
1519 1717 1585 1746 qna
1607 1717 1686 1736 mox
1707 1717 1814 1737 sermo
1830 1707 1905 1747 erit,
1925 1707 2027 1738 iecori
2042 1709 2202 1746 quodam-

383 1780 485 1809 modo
508 1776 659 1807 conferre
680 1776 789 1816 possis
813 1776 872 1804 has
895 1774 1080 1814 glandulas.
1120 1774 1160 1802 In
1183 1778 1325 1813 synapta
1348 1772 1465 1802 Bcselii
1487 1773 1595 1802 nullas
1618 1771 1741 1802 inveni.
1780 1774 1855 1802 Hoc
1876 1783 2031 1802 vasorum
2054 1774 2204 1803 locomo-

386 1843 470 1873 tioni
509 1841 759 1873 inservientium
794 1845 940 1880 systema
982 1841 1023 1870 ab
1060 1838 1289 1869 intestinorum
1323 1837 1427 1877 vasis,
1464 1842 1501 1867 ut
1535 1836 1632 1867 etiam
1666 1837 1871 1867 Tiedemann
1912 1837 2029 1876 refert,
2066 1847 2203 1878 prorsus

384 1907 566 1938 seiunctum
587 1911 644 1936 cst.
688 1906 812 1945 Etiam,
842 1915 928 1944 quae
948 1904 1005 1935 illa
1027 1910 1176 1935 enarrata
1198 1914 1275 1935 vasa
1295 1902 1518 1934 locomotoria
1539 1913 1613 1932 cum
1636 1903 1798 1943 pulmone
1826 1901 1892 1932 cuti
1912 1901 2010 1933 affixo
2031 1903 2206 1945 iungerent

386 1983 480 2011 vasa,
503 1981 565 2013 ego
587 1972 680 2002 nulla
701 1970 823 2002 inveni.

470 2088 631 2120 Humoris
653 2093 763 2118 autem
785 2087 869 2127 eius,
901 2099 1001 2128 quem
1022 2099 1099 2120 vasa
1121 2086 1343 2119 locomotoria
1365 2086 1550 2126 continent,
1583 2085 1756 2126 respiratio
1786 2086 1948 2129 pigmenti
1973 2088 2137 2119 carbonici
2158 2089 2210 2119 in-

390 2154 506 2195 primis
528 2153 611 2184 mihi
631 2153 700 2183 ficri
718 2153 848 2183 videtur
867 2154 1066 2185 excretmne.
1108 2153 1213 2183 Etiam
1228 2153 1431 2183 Tiedemann
1449 2152 1594 2182 minores
1612 2162 1767 2182 vasorum
1785 2153 2080 2183 locomotoriorum
2098 2163 2210 2184 ramos

391 2221 425 2250 in
447 2229 587 2260 parvos,
609 2219 727 2249 limum
748 2219 874 2259 iugi-um
898 2219 1105 2249 continentes
1127 2220 1257 2249 canales
1280 2217 1417 2248 transire
1437 2216 1587 2248 affirmat.
1623 2218 1662 2247 In
1684 2217 1756 2248 hol.
1780 2222 1866 2256 atra,
1887 2217 2113 2248 fuscocinerea
2135 2219 2211 2258 plu·

392 2286 552 2324 ribusque
571 2284 644 2315 aliis
665 2285 727 2315 sub
750 2284 904 2314 musculis
928 2284 1119 2314 transversis
1143 2288 1229 2314 atras
1252 2283 1344 2314 vides
1366 2284 1524 2313 maculas.
1566 2283 1607 2312 In
1631 2282 1799 2323 plerisque
1821 2287 1991 2322 praeterea
2010 2283 2213 2314 holothuriis

394 2352 604 2393 pigmentum
625 2349 789 2386 invenies,
821 2349 855 2378 in
879 2354 947 2379 rete
969 2349 1145 2390 Malpighii
1167 2348 1371 2388 depositum,
1401 2348 1561 2388 carbone,
1594 2352 1630 2378 ut
1650 2347 1793 2388 videtur,
1827 2359 1985 2388 opacum,
2015 2354 2071 2379 aut
2092 2350 2211 2388 pedum

396 2416 638 2457 perforationes
661 2415 788 2456 nigras,
809 2419 864 2445 aut
886 2414 1050 2456 nigridum
1071 2419 1235 2445 secretum
1255 2413 1289 2444 in
1310 2415 1410 2444 dorso
1432 2425 1582 2454 mucum,
1607 2414 1785 2454 praecipue
1808 2413 1842 2443 in
1866 2414 1935 2447 hol,
1956 2419 2036 2444 atra.
2078 2414 2214 2444 Vesica-

396 2483 463 2521 lae,
486 2482 605 2522 pedum
630 2480 846 2521 appendices,
867 2480 946 2510 item
968 2489 1206 2518 nonnunquam
1227 2484 1326 2510 atrae.
1359 2481 1531 2510 Praeterea
1552 2479 1586 2510 in
1608 2479 1724 2510 vesicis
1745 2478 1974 2509 locomotoriis
1993 2480 2212 2509 sedimentum

398 2546 509 2576 inveni
530 2546 675 2585 fuscum,
705 2545 798 2584 quod
818 2546 1059 2585 contemplatus
1080 2544 1156 2574 bilis
1178 2544 1319 2583 memini,
1347 2554 1413 2583 qua
1441 2549 1565 2575 secreta
1586 2545 1676 2575 haud
1697 2554 1772 2575 raro
1792 2544 2019 2584 respirationis
2042 2544 2214 2584 explentur

400 2611 547 2643 desectus
569 2611 604 2642 in
625 2611 779 2654 aegrotiS.
821 2613 971 2644 Fortasse
992 2611 1110 2652 pulmo
1131 2610 1188 2643 ille
1210 2610 1277 2642 cuti
1296 2608 1428 2650 affixus,
1459 2609 1610 2643 humoris
1635 2620 1693 2643 seu
1717 2609 1848 2652 vaporis
1868 2620 1986 2642 cavum
2005 2608 2217 2641 abdominale
