2373 3028
1935 175 1979 209 19

163 269 322 301 intensius
355 266 509 298 coloratis
540 271 786 296 marmoratum.
832 267 903 296 lIac
940 266 1105 303 maculae,
1142 266 1177 294 in
1200 263 1298 295 variis
1320 263 1430 294 variae
1452 263 1652 303 individuis,
1685 267 1727 295 ad
1758 266 1849 297 dorsi
1876 267 1979 298 latera

160 335 312 376 inprimis
346 333 605 374 conspiciuntur.
649 333 768 362 Venter
800 331 929 360 albidus
964 331 1064 360 dilutc
1097 329 1353 360 fuscocinereus.
1396 331 1500 360 Pedes
1528 340 1603 360 cnm
1636 330 1670 359 in
1699 332 1816 370 dorso,
1854 339 1921 363 tum
1946 333 1979 363 in

161 405 291 440 ventre,
313 400 411 430 unius
433 399 538 429 lineae
558 397 776 438 longitudine.
818 396 995 426 Tcntacula
1022 396 1116 434 alba,
1144 395 1233 435 pelta
1256 394 1424 426 subfusca.
1477 396 1518 425 In
1548 395 1603 426 ani
1625 400 1660 426 ut
1680 395 1725 426 ita
1748 396 1854 427 dicam
1878 399 1980 428 eircu-

161 468 232 497 lum
254 466 402 505 quinque
424 465 559 496 conicae
581 463 663 494 corii
684 461 912 503 elongationes
940 461 1182 502 papilliformes
1212 461 1392 501 excedunt,
1428 471 1513 501 quae
1541 460 1700 492 musculis
1729 461 1979 502 longitudinass-

160 534 220 563 bus
250 532 469 572 rcspondent3
491 541 556 561 una
578 528 675 570 igitur
696 527 817 559 ventris
837 529 1017 568 respondet
1036 527 1144 559 lineae
1166 526 1348 558 medianae.

241 599 388 628 Cclehes.

201 691 254 730 Sp.
278 701 305 722 τι.
350 689 524 720 Ocellam.
569 687 703 717 collect.
723 686 877 716 Schocnl.

240 764 390 796 Pedalis:
425 767 442 794 3
473 762 613 803 pollices
641 762 676 792 in
708 761 826 800 ‹liam.,
853 761 1088 800 subdepressa,
1123 762 1260 791 dorsum
1295 770 1504 795 convexum,
1544 763 1658 789 venter
1687 759 1838 800 planior,
1874 771 1979 801 paene

158 831 305 873 margine
343 830 582 867 circumdatus,
617 827 770 866 albidus,
812 826 949 856 maculis
986 826 1224 867 irregularibus
1268 825 1402 865 dilutis,
1443 824 1734 855 cinerascentibus.
1792 827 1833 855 In
1870 826 1979 856 medio

159 902 271 927 ventre
308 895 343 925 in
381 896 462 924 duas
496 894 600 924 lineas
634 893 890 934 longitndinales
924 891 1104 931 dispositae
1141 891 1390 931 conspiciuntur
1425 891 1572 920 maculae
1609 893 1773 922 rotundae
1810 899 1979 923 castaneo-

158 963 285 1000 suscae,
321 965 338 992 3
359 961 395 990 in
417 959 517 993 diam.
538 960 698 990 habentes
719 959 833 988 lineas.
876 959 914 987 In
937 957 1061 987 ventris
1084 962 1228 995 utroque
1253 956 1399 997 margine
1426 955 1608 993 maiorum,
1645 957 1754 987 minus
1778 958 1979 999 regularium

157 1033 187 1058 ct
209 1037 308 1066 saepe
331 1025 565 1056 confluentium
598 1026 803 1055 macularum
836 1024 1003 1053 fusearum
1032 1022 1234 1062 conspicitur
1262 1026 1401 1061 tractus,
1433 1032 1518 1060 quac
1547 1021 1682 1060 quidem
1711 1024 1860 1053 maculae
1890 1030 1977 1053 atro-

155 1092 256 1124 fuscis
293 1091 540 1122 circumdantur
571 1090 678 1120 lineis.
734 1091 878 1119 Dorsum
914 1089 1026 1118 colore
1054 1088 1183 1118 intense
1215 1087 1435 1118 cacao-susco
1464 1088 1605 1128 gaudet,
1642 1094 1672 1116 et
1706 1088 1843 1118 maculis
1871 1090 1980 1119 lucide

154 1158 410 1188 castaneofuscis
442 1157 702 1198 irregularibus,
743 1156 871 1197 magnis
903 1155 1025 1194 (lineas
1060 1157 1076 1184 5
1114 1154 1148 1184 in
1181 1153 1282 1184 diam.
1314 1152 1527 1191 habentibus)
1559 1159 1710 1182 ornatum
1740 1160 1802 1194 est,
1843 1165 1979 1192 quarum

157 1235 271 1266 margo
294 1222 479 1254 atrofuscus
501 1233 582 1253 zona
603 1223 744 1264 'ringitur
764 1222 884 1252 albida.

238 1291 344 1321 Pedes
371 1289 423 1329 1!ss
448 1289 550 1320 lineas
572 1288 681 1329 longi,
704 1287 827 1327 conici,
847 1287 881 1317 iu
905 1288 1005 1317 dorso
1027 1296 1133 1325 acque
1156 1289 1254 1324 atque
1278 1284 1313 1314 in
1337 1288 1461 1315 ventre.
1505 1283 1691 1322 Epidcrmis
1720 1285 1832 1315 albido
1857 1287 1977 1317 horuni

156 1358 281 1397 pedum
302 1356 398 1386 basin
418 1355 628 1396 amplectitur
649 1355 793 1390 annulo,
813 1353 966 1396 inprimis
987 1352 1022 1382 in
1045 1353 1157 1382 dorso.
1199 1351 1381 1381 'l'entacula
1403 1351 1492 1388 alba,
1517 1349 1585 1379 basi
1613 1351 1799 1381 membrana
1822 1353 1978 1383 subt'usra

155 1424 280 1462 iuncta,
304 1424 469 1462 peltarum
491 1420 609 1452 lacinia
631 1420 838 1460 dichotoma,
862 1419 1096 1449 tentaculorum
1118 1417 1260 1448 circulus
1283 1415 1435 1457 plurimis
1459 1415 1679 1446 circumdatus
1705 1422 1752 1446 est
1772 1416 1926 1457 pedihus.

236 1489 384 1519 Celebes.

194 1588 248 1627 Sp.
271 1590 299 1617 3.
342 1585 476 1628 Argus.
518 1586 653 1617 Colieet.
675 1584 828 1615 Sehocnl.

236 1661 367 1691 Pedalis
389 1666 420 1691 et
441 1659 591 1701 longior,
612 1659 640 1690 si
662 1658 859 1689 extenditur.
902 1659 1046 1686 Dorsum
1070 1665 1276 1693 convexum,
1305 1658 1418 1684 venter
1439 1652 1590 1693 planior,
1619 1653 1839 1684 extremitates
1862 1659 1978 1685 romn-

155 1729 260 1766 datae,
294 1736 331 1757 os
354 1726 499 1756 anticum
521 1726 628 1755 solum
650 1735 764 1755 versus
785 1728 951 1764 spectans,
985 1731 1067 1752 anus
1089 1720 1234 1761 posticus
1258 1729 1411 1759 superus,
1444 1719 1478 1749 in
1502 1719 1592 1749 dorsi
1615 1720 1775 1750 crassiore
1798 1721 1878 1751 situs
1902 1722 1978 1752 cuti.

156 1795 274 1834 Margo
298 1792 498 1833 conspicitur
521 1792 605 1822 inter
627 1792 761 1820 dorsum
785 1800 823 1820 ac
846 1794 1006 1819 ventrem.
1046 1788 1170 1819 Venter
1190 1785 1470 1825 olivaceofuscus,
1503 1785 1655 1825 plurimis
1686 1786 1857 1824 brevibus,
1892 1787 1978 1826 capi-

155 1859 284 1899 tulatis,
319 1857 580 1888 membranaceis
612 1855 739 1886 obsitus
766 1854 920 1895 pedibus.
963 1854 1003 1883 In
1031 1854 1132 1883 dorso
1160 1852 1292 1882 cinereo
1321 1852 1481 1881 subfusco
1505 1853 1608 1891 pedes
1631 1851 1772 1882 rariores
1794 1860 1823 1882 et
1849 1854 1977 1882 macula

155 1924 403 1964 conspiciuntur
417 1925 579 1954 rotundae
593 1923 814 1960 confluentes,
836 1921 871 1950 in
894 1920 998 1951 lineas
1021 1918 1200 1959 dispositae
1221 1917 1491 1959 longitudinales,
1513 1917 1547 1947 in
1564 1923 1677 1948 centro
1695 1924 1724 1948 et
1740 1918 1773 1948 in
1790 1918 1979 1959 peripheria

154 1989 370 2032 nigricantes,
390 1990 512 2021 halone
534 1988 755 2019 circumdatae
776 1986 904 2025 albido,
925 1986 1027 2026 pedes
1047 1985 1243 2025 plerumque
1264 1983 1299 2014 in
1322 1989 1434 2014 centro
1458 1983 1611 2017 serentes.

236 2056 382 2086 Celebes.

193 2155 247 2194 Sp.
270 2165 298 2193 4.
341 2150 540 2183 Lineolata.
582 2152 720 2182 Collect.
744 2152 900 2181 Schoenl.

234 2232 364 2270 Septem
380 2231 518 2271 pollices
543 2231 660 2271 longa,
686 2229 948 2270 subeylindrica.
995 2229 1100 2268 Caput
1124 2227 1298 2267 paululum
1320 2225 1478 2256 inferum.
1515 2226 1662 2255 Dorsum
1685 2225 1976 2264 rutilo-cinereum,

155 2296 286 2326 lineolis
308 2296 606 2326 innumerabilibus
628 2296 777 2335 sulcatis,
800 2294 985 2334 undulatis,
1006 2293 1198 2335 gracillimis
1221 2297 1390 2332 ornatum,
1422 2301 1508 2330 quae
1530 2291 1614 2321 eirea
1637 2291 1762 2331 pedum
1788 2297 1848 2320 tres
1871 2290 1975 2319 lineas

156 2361 334 2401 longorum
357 2361 520 2401 originem
543 2360 684 2391 circulos
706 2361 849 2390 formant
873 2359 1114 2399 concentricos,
1136 2359 1299 2389 linearum
1321 2368 1439 2388 manus
1460 2357 1562 2387 instar
1582 2356 1616 2385 in
1633 2356 1821 2385 ultimarum
1838 2356 1977 2395 phalan-

154 2437 231 2467 gum
257 2425 429 2464 superficie
451 2425 602 2465 palmari.
647 2427 767 2455 Venter
788 2425 961 2466 pallidior,
987 2424 1230 2465 planiusculus,
1258 2425 1378 2464 pedum
1401 2421 1586 2461 frequentia
1610 2423 1742 2452 dorsum
1766 2421 1857 2450 haud
1882 2430 1975 2449 exce-

157 2492 248 2520 dens.
289 2490 546 2520 Tentaculorum
574 2490 923 2520 albido-cinereorum
950 2490 1092 2521 circulus
1115 2489 1336 2519 circumdatus
1361 2493 1409 2518 est
1432 2487 1514 2517 corii
1538 2486 1743 2526 duplicatum
1766 2485 1890 2525 pedum
1914 2484 1977 2514 eir-

156 2557 232 2587 culo
255 2554 372 2585 ciliata.
416 2555 610 2586 Extremitas
633 2556 735 2585 analis
758 2557 954 2594 rotundam,
975 2555 1077 2585 veluti
1098 2555 1221 2585 inflata.
1264 2556 1354 2584 Anus
1374 2562 1525 2593 superus.

239 2621 329 2650 Nova
353 2618 436 2649 mihi
458 2620 520 2649 hac
541 2620 666 2660 specics
687 2631 726 2651 ex
748 2621 883 2652 Celebes
905 2620 1006 2653 missa
1027 2630 1097 2652 esse
1121 2619 1262 2651 videtur.
1307 2620 1354 2658 (Ρ)
