<?xml version="1.0" encoding="UTF-8"?>
<!DOCTYPE html PUBLIC "-//W3C//DTD XHTML 1.0 Transitional//EN"
    "http://www.w3.org/TR/xhtml1/DTD/xhtml1-transitional.dtd">
<html xmlns="http://www.w3.org/1999/xhtml" xml:lang="en" lang="en">
 <head>
  <title>
</title>
<meta http-equiv="Content-Type" content="text/html;charset=utf-8" />
  <meta name='ocr-system' content='tesseract 3.04.00' />
  <meta name='ocr-capabilities' content='ocr_page ocr_carea ocr_par ocr_line ocrx_word'/>
</head>
<body>
  <div class='ocr_page' id='page_1' title='image "./deholothuriis00j_0011.png"; bbox 0 0 2373 3028; ppageno 0'>
   <div class='ocr_carea' id='block_1_1' title="bbox 1936 163 1956 198">
    <p class='ocr_par' dir='ltr' id='par_1_1' title="bbox 1936 163 1956 198">
     <span class='ocr_line' id='line_1_1' title="bbox 1936 163 1956 198; textangle 90"><span class='ocrx_word' id='word_1_1' title='bbox 1936 163 1956 198; x_wconf 59' lang='lat' dir='ltr'><strong>x}</strong></span> 
     </span>
    </p>
   </div>
   <div class='ocr_carea' id='block_1_2' title="bbox 935 279 1159 334">
    <p class='ocr_par' dir='ltr' id='par_1_2' title="bbox 935 279 1159 334">
     <span class='ocr_line' id='line_1_2' title="bbox 935 279 1159 334; baseline -0.009 0"><span class='ocrx_word' id='word_1_2' title='bbox 935 279 1061 334; x_wconf 77' lang='lat' dir='ltr'><strong>CAP.</strong></span> <span class='ocrx_word' id='word_1_3' title='bbox 1119 279 1159 333; x_wconf 79' lang='grc'><strong>1.</strong></span> 
     </span>
    </p>
   </div>
   <div class='ocr_carea' id='block_1_3' title="bbox 378 391 1727 529">
    <p class='ocr_par' dir='ltr' id='par_1_3' title="bbox 378 391 1727 529">
     <span class='ocr_line' id='line_1_3' title="bbox 378 391 1727 444; baseline -0.006 0"><span class='ocrx_word' id='word_1_4' title='bbox 378 399 462 444; x_wconf 87' lang='lat' dir='ltr'><strong>DE</strong></span> <span class='ocrx_word' id='word_1_5' title='bbox 508 395 1065 443; x_wconf 62' lang='lat' dir='ltr'>HOLOTHLTRIARUM</span> <span class='ocrx_word' id='word_1_6' title='bbox 1110 392 1351 439; x_wconf 81' lang='lat' dir='ltr'><strong>NOMINE</strong></span> <span class='ocrx_word' id='word_1_7' title='bbox 1396 392 1474 437; x_wconf 89' lang='lat' dir='ltr'><strong>ET</strong></span> <span class='ocrx_word' id='word_1_8' title='bbox 1520 391 1727 437; x_wconf 81' lang='lat' dir='ltr'>PRIMIS</span> 
     </span>
     <span class='ocr_line' id='line_1_4' title="bbox 821 482 1280 529; baseline -0.004 -1"><span class='ocrx_word' id='word_1_9' title='bbox 821 482 1280 529; x_wconf 78' lang='lat' dir='ltr'>SCRIPTORIBUS.</span> 
     </span>
    </p>
   </div>
   <div class='ocr_carea' id='block_1_4' title="bbox 127 677 1958 2568">
    <p class='ocr_par' dir='ltr' id='par_1_4' title="bbox 131 677 1958 1647">
     <span class='ocr_line' id='line_1_5' title="bbox 138 677 1955 728; baseline -0.002 -7"><span class='ocrx_word' id='word_1_10' title='bbox 138 677 345 722; x_wconf 87' lang='lat' dir='ltr'><strong>Holothurii</strong></span> <span class='ocrx_word' id='word_1_11' title='bbox 365 699 505 728; x_wconf 82' lang='lat' dir='ltr'><strong>nomen,</strong></span> <span class='ocrx_word' id='word_1_12' title='bbox 526 689 618 727; x_wconf 84' lang='lat' dir='ltr'><strong>quod</strong></span> <span class='ocrx_word' id='word_1_13' title='bbox 640 687 738 719; x_wconf 85' lang='lat' dir='ltr'><strong>etiam</strong></span> <span class='ocrx_word' id='word_1_14' title='bbox 761 688 1006 727; x_wconf 86' lang='lat' dir='ltr'><strong>Holuthurion,</strong></span> <span class='ocrx_word' id='word_1_15' title='bbox 1025 687 1285 718; x_wconf 88' lang='lat' dir='ltr'><strong>Haiolothurion</strong></span> <span class='ocrx_word' id='word_1_16' title='bbox 1308 689 1343 719; x_wconf 89' lang='lat' dir='ltr'><strong>in</strong></span> <span class='ocrx_word' id='word_1_17' title='bbox 1365 688 1566 728; x_wconf 86' lang='lat' dir='ltr'><strong>quibusdam</strong></span> <span class='ocrx_word' id='word_1_18' title='bbox 1586 687 1740 718; x_wconf 80' lang='lat' dir='ltr'>scribitur</span> <span class='ocrx_word' id='word_1_19' title='bbox 1762 688 1869 724; x_wconf 68' lang='lat' dir='ltr'><strong>codd„</strong></span> <span class='ocrx_word' id='word_1_20' title='bbox 1891 687 1955 718; x_wconf 86' lang='lat' dir='ltr'><strong>iam</strong></span> 
     </span>
     <span class='ocr_line' id='line_1_6' title="bbox 136 753 1958 796; baseline -0.003 -7"><span class='ocrx_word' id='word_1_21' title='bbox 136 759 178 788; x_wconf 90' lang='lat' dir='ltr'><strong>ab</strong></span> <span class='ocrx_word' id='word_1_22' title='bbox 201 758 373 789; x_wconf 76' lang='lat' dir='ltr'><strong>Aristotele</strong></span> <span class='ocrx_word' id='word_1_23' title='bbox 394 758 584 795; x_wconf 78' lang='lat' dir='ltr'><strong>usurpatur.</strong></span> <span class='ocrx_word' id='word_1_24' title='bbox 625 755 725 784; x_wconf 89' lang='lat' dir='ltr'><strong>Illum</strong></span> <span class='ocrx_word' id='word_1_25' title='bbox 749 759 859 784; x_wconf 81' lang='lat' dir='ltr'><strong>autem</strong></span> <span class='ocrx_word' id='word_1_26' title='bbox 888 758 1040 784; x_wconf 80' lang='lat' dir='ltr'><strong>nostrum</strong></span> <span class='ocrx_word' id='word_1_27' title='bbox 1070 754 1348 784; x_wconf 80' lang='lat' dir='ltr'><strong>Holothuriarum</strong></span> <span class='ocrx_word' id='word_1_28' title='bbox 1383 763 1488 796; x_wconf 84' lang='lat' dir='ltr'><strong>genus</strong></span> <span class='ocrx_word' id='word_1_29' title='bbox 1518 755 1583 785; x_wconf 91' lang='lat' dir='ltr'><strong>hoc</strong></span> <span class='ocrx_word' id='word_1_30' title='bbox 1616 754 1752 784; x_wconf 87' lang='lat' dir='ltr'><strong>nomine</strong></span> <span class='ocrx_word' id='word_1_31' title='bbox 1783 753 1958 794; x_wconf 77' lang='lat' dir='ltr'>amplecti,</span> 
     </span>
     <span class='ocr_line' id='line_1_7' title="bbox 134 819 1957 862; baseline -0.003 -8"><span class='ocrx_word' id='word_1_32' title='bbox 134 825 224 854; x_wconf 87' lang='lat' dir='ltr'><strong>haud</strong></span> <span class='ocrx_word' id='word_1_33' title='bbox 248 824 359 853; x_wconf 87' lang='lat' dir='ltr'><strong>credo.</strong></span> <span class='ocrx_word' id='word_1_34' title='bbox 403 822 495 862; x_wconf 72' lang='lat' dir='ltr'><strong>Quae</strong></span> <span class='ocrx_word' id='word_1_35' title='bbox 517 820 605 851; x_wconf 86' lang='lat' dir='ltr'><strong>enim</strong></span> <span class='ocrx_word' id='word_1_36' title='bbox 627 819 662 849; x_wconf 88' lang='lat' dir='ltr'><strong>in</strong></span> <span class='ocrx_word' id='word_1_37' title='bbox 684 819 768 849; x_wconf 86' lang='lat' dir='ltr'><strong>mari</strong></span> <span class='ocrx_word' id='word_1_38' title='bbox 791 820 1034 850; x_wconf 85' lang='lat' dir='ltr'><strong>mediterraneo</strong></span> <span class='ocrx_word' id='word_1_39' title='bbox 1063 819 1279 850; x_wconf 84' lang='lat' dir='ltr'><strong>inveniuntur</strong></span> <span class='ocrx_word' id='word_1_40' title='bbox 1306 820 1547 860; x_wconf 87' lang='lat' dir='ltr'><strong>Holothuriae,</strong></span> <span class='ocrx_word' id='word_1_41' title='bbox 1576 829 1692 850; x_wconf 88' lang='lat' dir='ltr'><strong>omnes</strong></span> <span class='ocrx_word' id='word_1_42' title='bbox 1714 819 1791 850; x_wconf 82' lang='lat' dir='ltr'><strong>satis</strong></span> <span class='ocrx_word' id='word_1_43' title='bbox 1812 819 1957 859; x_wconf 82' lang='lat' dir='ltr'><strong>perfecta</strong></span> 
     </span>
     <span class='ocr_line' id='line_1_8' title="bbox 136 885 1956 929; baseline -0.002 -10"><span class='ocrx_word' id='word_1_44' title='bbox 136 890 259 919; x_wconf 89' lang='lat' dir='ltr'><strong>habent</strong></span> <span class='ocrx_word' id='word_1_45' title='bbox 290 897 415 929; x_wconf 81' lang='lat' dir='ltr'><strong>organa</strong></span> <span class='ocrx_word' id='word_1_46' title='bbox 453 885 691 925; x_wconf 86' lang='lat' dir='ltr'><strong>locomotoria,</strong></span> <span class='ocrx_word' id='word_1_47' title='bbox 731 890 761 915; x_wconf 89' lang='lat' dir='ltr'><strong>et</strong></span> <span class='ocrx_word' id='word_1_48' title='bbox 793 885 989 916; x_wconf 83' lang='lat' dir='ltr'><strong>Aristoteles</strong></span> <span class='ocrx_word' id='word_1_49' title='bbox 1025 895 1093 924; x_wconf 89' lang='lat' dir='ltr'><strong>qno</strong></span> <span class='ocrx_word' id='word_1_50' title='bbox 1128 886 1205 916; x_wconf 87' lang='lat' dir='ltr'><strong>loco</strong></span> <span class='ocrx_word' id='word_1_51' title='bbox 1248 887 1288 915; x_wconf 92' lang='lat' dir='ltr'><strong>de</strong></span> <span class='ocrx_word' id='word_1_52' title='bbox 1328 885 1398 916; x_wconf 79' lang='lat' dir='ltr'><strong>fixis</strong></span> <span class='ocrx_word' id='word_1_53' title='bbox 1433 891 1465 917; x_wconf 89' lang='lat' dir='ltr'><strong>et</strong></span> <span class='ocrx_word' id='word_1_54' title='bbox 1512 887 1553 917; x_wconf 86' lang='lat' dir='ltr'><strong>de</strong></span> <span class='ocrx_word' id='word_1_55' title='bbox 1594 885 1707 916; x_wconf 86' lang='lat' dir='ltr'><strong>liberis</strong></span> <span class='ocrx_word' id='word_1_56' title='bbox 1745 885 1812 926; x_wconf 82' lang='lat' dir='ltr'><strong>agit</strong></span> <span class='ocrx_word' id='word_1_57' title='bbox 1842 885 1956 916; x_wconf 85' lang='lat' dir='ltr'><strong>bestiis</strong></span> 
     </span>
     <span class='ocr_line' id='line_1_9' title="bbox 136 951 1957 991; baseline -0.002 -8"><span class='ocrx_word' id='word_1_58' title='bbox 136 953 287 990; x_wconf 77' lang='lat' dir='ltr'><strong>marinis,</strong></span> <span class='ocrx_word' id='word_1_59' title='bbox 312 953 457 990; x_wconf 85' lang='lat' dir='ltr'><strong>„multas</strong></span> <span class='ocrx_word' id='word_1_60' title='bbox 478 951 611 982; x_wconf 82' lang='lat' dir='ltr'><strong>invenio</strong></span> <span class='ocrx_word' id='word_1_61' title='bbox 623 954 651 991; x_wconf 83' lang='lat'><strong>“,</strong></span> <span class='ocrx_word' id='word_1_62' title='bbox 674 951 800 990; x_wconf 79' lang='lat' dir='ltr'><strong>inquit,</strong></span> <span class='ocrx_word' id='word_1_63' title='bbox 829 962 940 990; x_wconf 83' lang='lat' dir='ltr'><strong>„qnae</strong></span> <span class='ocrx_word' id='word_1_64' title='bbox 963 961 1151 990; x_wconf 83' lang='lat' dir='ltr'>quanquam</span> <span class='ocrx_word' id='word_1_65' title='bbox 1175 961 1243 981; x_wconf 89' lang='lat' dir='ltr'><strong>non</strong></span> <span class='ocrx_word' id='word_1_66' title='bbox 1264 952 1516 990; x_wconf 79' lang='lat' dir='ltr'>adhaerescunt,</span> <span class='ocrx_word' id='word_1_67' title='bbox 1540 961 1608 981; x_wconf 90' lang='lat' dir='ltr'><strong>non</strong></span> <span class='ocrx_word' id='word_1_68' title='bbox 1630 956 1807 981; x_wconf 86' lang='lat' dir='ltr'><strong>moventur</strong></span> <span class='ocrx_word' id='word_1_69' title='bbox 1829 956 1957 989; x_wconf 88' lang='lat' dir='ltr'><strong>tamen,</strong></span> 
     </span>
     <span class='ocr_line' id='line_1_10' title="bbox 134 1015 1957 1058; baseline -0.001 -10"><span class='ocrx_word' id='word_1_70' title='bbox 134 1019 247 1058; x_wconf 88' lang='lat' dir='ltr'><strong>quales</strong></span> <span class='ocrx_word' id='word_1_71' title='bbox 280 1023 407 1048; x_wconf 79' lang='lat' dir='ltr'>ostreae</span> <span class='ocrx_word' id='word_1_72' title='bbox 438 1022 532 1057; x_wconf 87' lang='lat' dir='ltr'><strong>sunt,</strong></span> <span class='ocrx_word' id='word_1_73' title='bbox 565 1022 594 1047; x_wconf 90' lang='lat' dir='ltr'><strong>et</strong></span> <span class='ocrx_word' id='word_1_74' title='bbox 627 1027 712 1056; x_wconf 91' lang='lat' dir='ltr'><strong>qnae</strong></span> <span class='ocrx_word' id='word_1_75' title='bbox 734 1016 927 1046; x_wconf 84' lang='lat' dir='ltr'><strong>holothuria</strong></span> <span class='ocrx_word' id='word_1_76' title='bbox 952 1015 1157 1046; x_wconf 77' lang='lat' dir='ltr'><strong>nominant-‘⁴</strong></span> <span class='ocrx_word' id='word_1_77' title='bbox 1200 1016 1278 1046; x_wconf 78' lang='lat' dir='ltr'><strong>Alio</strong></span> <span class='ocrx_word' id='word_1_78' title='bbox 1302 1018 1397 1056; x_wconf 90' lang='lat' dir='ltr'><strong>loeo,</strong></span> <span class='ocrx_word' id='word_1_79' title='bbox 1419 1017 1620 1048; x_wconf 88' lang='lat' dir='ltr'><strong>holothuriis</strong></span> <span class='ocrx_word' id='word_1_80' title='bbox 1641 1028 1758 1058; x_wconf 83' lang='lat' dir='ltr'><strong>parum</strong></span> <span class='ocrx_word' id='word_1_81' title='bbox 1782 1015 1915 1048; x_wconf 81' lang='lat' dir='ltr'><strong>differre</strong></span> <span class='ocrx_word' id='word_1_82' title='bbox 1938 1029 1957 1047; x_wconf 85' lang='lat' dir='ltr'><strong>a</strong></span> 
     </span>
     <span class='ocr_line' id='line_1_11' title="bbox 133 1081 1957 1124; baseline -0.001 -10"><span class='ocrx_word' id='word_1_83' title='bbox 133 1083 305 1124; x_wconf 79' lang='lat' dir='ltr'>spongiis,</span> <span class='ocrx_word' id='word_1_84' title='bbox 337 1083 432 1122; x_wconf 88' lang='lat' dir='ltr'><strong>dicit,</strong></span> <span class='ocrx_word' id='word_1_85' title='bbox 465 1092 522 1122; x_wconf 89' lang='lat' dir='ltr'><strong>eo,</strong></span> <span class='ocrx_word' id='word_1_86' title='bbox 556 1084 648 1121; x_wconf 90' lang='lat' dir='ltr'><strong>quod</strong></span> <span class='ocrx_word' id='word_1_87' title='bbox 675 1083 803 1112; x_wconf 87' lang='lat' dir='ltr'><strong>solutae</strong></span> <span class='ocrx_word' id='word_1_88' title='bbox 827 1082 910 1119; x_wconf 82' lang='lat' dir='ltr'><strong>sint;</strong></span> <span class='ocrx_word' id='word_1_89' title='bbox 943 1082 990 1112; x_wconf 87' lang='lat' dir='ltr'><strong>nil</strong></span> <span class='ocrx_word' id='word_1_90' title='bbox 1013 1082 1100 1112; x_wconf 87' lang='lat' dir='ltr'><strong>enim</strong></span> <span class='ocrx_word' id='word_1_91' title='bbox 1123 1081 1259 1121; x_wconf 85' lang='lat' dir='ltr'><strong>sentire,</strong></span> <span class='ocrx_word' id='word_1_92' title='bbox 1291 1083 1478 1122; x_wconf 85' lang='lat' dir='ltr'><strong>plantarum</strong></span> <span class='ocrx_word' id='word_1_93' title='bbox 1502 1083 1604 1113; x_wconf 87' lang='lat' dir='ltr'><strong>instar</strong></span> <span class='ocrx_word' id='word_1_94' title='bbox 1635 1093 1674 1113; x_wconf 84' lang='lat' dir='ltr'><strong>ex</strong></span> <span class='ocrx_word' id='word_1_95' title='bbox 1707 1084 1811 1112; x_wconf 90' lang='lat' dir='ltr'><strong>humo</strong></span> <span class='ocrx_word' id='word_1_96' title='bbox 1835 1083 1957 1113; x_wconf 82' lang='lat' dir='ltr'><strong>excisa-</strong></span> 
     </span>
     <span class='ocr_line' id='line_1_12' title="bbox 133 1147 1955 1188; baseline -0.001 -9"><span class='ocrx_word' id='word_1_97' title='bbox 133 1160 225 1183; x_wconf 73' lang='lat' dir='ltr'><strong>rnn13</strong></span> <span class='ocrx_word' id='word_1_98' title='bbox 259 1159 359 1187; x_wconf 82' lang='lat' dir='ltr'><strong>quem</strong></span> <span class='ocrx_word' id='word_1_99' title='bbox 383 1149 493 1178; x_wconf 84' lang='lat' dir='ltr'><strong>locum</strong></span> <span class='ocrx_word' id='word_1_100' title='bbox 527 1148 581 1181; x_wconf 79' lang='lat' dir='ltr'><strong>(cf.</strong></span> <span class='ocrx_word' id='word_1_101' title='bbox 604 1148 704 1178; x_wconf 83' lang='lat' dir='ltr'><strong>Arist.</strong></span> <span class='ocrx_word' id='word_1_102' title='bbox 728 1149 768 1178; x_wconf 89' lang='lat' dir='ltr'><strong>de</strong></span> <span class='ocrx_word' id='word_1_103' title='bbox 791 1154 875 1188; x_wconf 84' lang='lat' dir='ltr'><strong>part.</strong></span> <span class='ocrx_word' id='word_1_104' title='bbox 898 1149 958 1187; x_wconf 92' lang='lat' dir='ltr'><strong>IV,</strong></span> <span class='ocrx_word' id='word_1_105' title='bbox 983 1149 1016 1186; x_wconf 82' lang='lat'><strong>5)</strong></span> <span class='ocrx_word' id='word_1_106' title='bbox 1046 1153 1177 1178; x_wconf 84' lang='lat' dir='ltr'><strong>secutus</strong></span> <span class='ocrx_word' id='word_1_107' title='bbox 1206 1158 1277 1178; x_wconf 87' lang='lat' dir='ltr'><strong>esse</strong></span> <span class='ocrx_word' id='word_1_108' title='bbox 1307 1148 1436 1177; x_wconf 81' lang='lat' dir='ltr'><strong>videtur</strong></span> <span class='ocrx_word' id='word_1_109' title='bbox 1466 1147 1611 1187; x_wconf 80' lang='lat' dir='ltr'>Plinius,</span> <span class='ocrx_word' id='word_1_110' title='bbox 1643 1148 1671 1178; x_wconf 88' lang='lat' dir='ltr'><strong>si</strong></span> <span class='ocrx_word' id='word_1_111' title='bbox 1699 1148 1834 1188; x_wconf 81' lang='lat' dir='ltr'><strong>quidem</strong></span> <span class='ocrx_word' id='word_1_112' title='bbox 1859 1149 1955 1179; x_wconf 90' lang='lat' dir='ltr'><strong>dicit:</strong></span> 
     </span>
     <span class='ocr_line' id='line_1_13' title="bbox 134 1213 1957 1255; baseline 0.001 -11"><span class='ocrx_word' id='word_1_113' title='bbox 134 1214 244 1244; x_wconf 77' lang='lat' dir='ltr'><strong>inultis</strong></span> <span class='ocrx_word' id='word_1_114' title='bbox 267 1215 386 1244; x_wconf 85' lang='lat' dir='ltr'><strong>eadem·</strong></span> <span class='ocrx_word' id='word_1_115' title='bbox 405 1218 539 1253; x_wconf 86' lang='lat' dir='ltr'><strong>natura,</strong></span> <span class='ocrx_word' id='word_1_116' title='bbox 559 1223 645 1252; x_wconf 88' lang='lat' dir='ltr'><strong>quae</strong></span> <span class='ocrx_word' id='word_1_117' title='bbox 666 1213 793 1252; x_wconf 78' lang='lat' dir='ltr'><strong>frutici,</strong></span> <span class='ocrx_word' id='word_1_118' title='bbox 817 1219 850 1243; x_wconf 89' lang='lat' dir='ltr'><strong>nt</strong></span> <span class='ocrx_word' id='word_1_119' title='bbox 873 1213 1072 1244; x_wconf 89' lang='lat' dir='ltr'><strong>holothuriis</strong></span> <span class='ocrx_word' id='word_1_120' title='bbox 1095 1219 1155 1243; x_wconf 83' lang='lat' dir='ltr'><strong>etc.</strong></span> <span class='ocrx_word' id='word_1_121' title='bbox 1200 1215 1347 1252; x_wconf 84' lang='lat' dir='ltr'><strong>Utroque</strong></span> <span class='ocrx_word' id='word_1_122' title='bbox 1370 1213 1455 1244; x_wconf 88' lang='lat' dir='ltr'><strong>inter</strong></span> <span class='ocrx_word' id='word_1_123' title='bbox 1476 1225 1511 1244; x_wconf 89' lang='lat' dir='ltr'><strong>se</strong></span> <span class='ocrx_word' id='word_1_124' title='bbox 1534 1221 1725 1254; x_wconf 76' lang='lat' dir='ltr'><strong>comparato</strong></span> <span class='ocrx_word' id='word_1_125' title='bbox 1750 1216 1844 1255; x_wconf 87' lang='lat' dir='ltr'><strong>loco,</strong></span> <span class='ocrx_word' id='word_1_126' title='bbox 1866 1226 1957 1246; x_wconf 75' lang='lat' dir='ltr'><strong>vere-</strong></span> 
     </span>
     <span class='ocr_line' id='line_1_14' title="bbox 133 1278 1956 1322; baseline 0.002 -13"><span class='ocrx_word' id='word_1_127' title='bbox 133 1279 243 1309; x_wconf 87' lang='lat' dir='ltr'><strong>tillum</strong></span> <span class='ocrx_word' id='word_1_128' title='bbox 266 1279 378 1319; x_wconf 85' lang='lat' dir='ltr'><strong>potius</strong></span> <span class='ocrx_word' id='word_1_129' title='bbox 400 1280 464 1309; x_wconf 93' lang='lat' dir='ltr'><strong>hoc</strong></span> <span class='ocrx_word' id='word_1_130' title='bbox 486 1279 623 1309; x_wconf 87' lang='lat' dir='ltr'><strong>nomine</strong></span> <span class='ocrx_word' id='word_1_131' title='bbox 645 1278 769 1308; x_wconf 88' lang='lat' dir='ltr'><strong>dietum</strong></span> <span class='ocrx_word' id='word_1_132' title='bbox 793 1279 960 1309; x_wconf 80' lang='lat' dir='ltr'><strong>existimo.</strong></span> <span class='ocrx_word' id='word_1_133' title='bbox 1003 1278 1160 1309; x_wconf 85' lang='lat' dir='ltr'><strong>Veretilla</strong></span> <span class='ocrx_word' id='word_1_134' title='bbox 1192 1279 1275 1309; x_wconf 85' lang='lat' dir='ltr'><strong>enim</strong></span> <span class='ocrx_word' id='word_1_135' title='bbox 1310 1279 1461 1318; x_wconf 85' lang='lat' dir='ltr'><strong>quamvis</strong></span> <span class='ocrx_word' id='word_1_136' title='bbox 1490 1281 1638 1321; x_wconf 88' lang='lat' dir='ltr'>polypos</span> <span class='ocrx_word' id='word_1_137' title='bbox 1666 1286 1814 1312; x_wconf 86' lang='lat' dir='ltr'><strong>natantes</strong></span> <span class='ocrx_word' id='word_1_138' title='bbox 1841 1283 1956 1322; x_wconf 83' lang='lat' dir='ltr'><strong>appel-</strong></span> 
     </span>
     <span class='ocr_line' id='line_1_15' title="bbox 135 1343 1955 1387; baseline 0.002 -13"><span class='ocrx_word' id='word_1_139' title='bbox 135 1345 252 1375; x_wconf 77' lang='lat' dir='ltr'><strong>laverit</strong></span> <span class='ocrx_word' id='word_1_140' title='bbox 287 1344 420 1384; x_wconf 86' lang='lat' dir='ltr'><strong>Cuvier,</strong></span> <span class='ocrx_word' id='word_1_141' title='bbox 463 1350 573 1375; x_wconf 86' lang='lat' dir='ltr'><strong>tamen</strong></span> <span class='ocrx_word' id='word_1_142' title='bbox 604 1344 776 1374; x_wconf 75' lang='lat' dir='ltr'>Professor</span> <span class='ocrx_word' id='word_1_143' title='bbox 808 1345 918 1384; x_wconf 79' lang='lat' dir='ltr'><strong>Rapp,</strong></span> <span class='ocrx_word' id='word_1_144' title='bbox 952 1343 1014 1383; x_wconf 84' lang='lat' dir='ltr'><strong>qui.</strong></span> <span class='ocrx_word' id='word_1_145' title='bbox 1039 1344 1300 1385; x_wconf 67' lang='lat' dir='ltr'><strong>diligentissimis</strong></span> <span class='ocrx_word' id='word_1_146' title='bbox 1338 1345 1373 1375; x_wconf 86' lang='lat' dir='ltr'><strong>in</strong></span> <span class='ocrx_word' id='word_1_147' title='bbox 1404 1345 1581 1387; x_wconf 86' lang='lat' dir='ltr'><strong>Norwcgia</strong></span> <span class='ocrx_word' id='word_1_148' title='bbox 1611 1351 1641 1376; x_wconf 86' lang='lat' dir='ltr'><strong>et</strong></span> <span class='ocrx_word' id='word_1_149' title='bbox 1672 1346 1766 1376; x_wconf 85' lang='lat' dir='ltr'><strong>Italia</strong></span> <span class='ocrx_word' id='word_1_150' title='bbox 1798 1346 1955 1377; x_wconf 81' lang='lat' dir='ltr'><strong>institutis</strong></span> 
     </span>
     <span class='ocr_line' id='line_1_16' title="bbox 133 1409 1952 1450; baseline 0.002 -11"><span class='ocrx_word' id='word_1_151' title='bbox 133 1409 420 1448; x_wconf 70' lang='lat' dir='ltr'><strong>disquisitionibus</strong></span> <span class='ocrx_word' id='word_1_152' title='bbox 461 1411 502 1440; x_wconf 90' lang='lat' dir='ltr'><strong>dc</strong></span> <span class='ocrx_word' id='word_1_153' title='bbox 533 1411 786 1450; x_wconf 77' lang='lat' dir='ltr'><strong>Zoophytoruin</strong></span> <span class='ocrx_word' id='word_1_154' title='bbox 824 1416 959 1439; x_wconf 80' lang='lat' dir='ltr'><strong>naturae</strong></span> <span class='ocrx_word' id='word_1_155' title='bbox 996 1409 1220 1450; x_wconf 77' lang='lat' dir='ltr'><strong>descriptione</strong></span> <span class='ocrx_word' id='word_1_156' title='bbox 1262 1410 1386 1450; x_wconf 82' lang='lat' dir='ltr'><strong>optime</strong></span> <span class='ocrx_word' id='word_1_157' title='bbox 1430 1411 1568 1450; x_wconf 87' lang='lat' dir='ltr'><strong>meruit,</strong></span> <span class='ocrx_word' id='word_1_158' title='bbox 1603 1421 1637 1441; x_wconf 90' lang='lat' dir='ltr'><strong>se</strong></span> <span class='ocrx_word' id='word_1_159' title='bbox 1681 1422 1851 1450; x_wconf 83' lang='lat' dir='ltr'><strong>nunqnam</strong></span> <span class='ocrx_word' id='word_1_160' title='bbox 1885 1423 1952 1442; x_wconf 90' lang='lat' dir='ltr'><strong>non</strong></span> 
     </span>
     <span class='ocr_line' id='line_1_17' title="bbox 131 1474 1953 1515; baseline 0.002 -10"><span class='ocrx_word' id='word_1_161' title='bbox 131 1476 252 1506; x_wconf 81' lang='lat' dir='ltr'><strong>eodeni</strong></span> <span class='ocrx_word' id='word_1_162' title='bbox 298 1474 376 1505; x_wconf 86' lang='lat' dir='ltr'><strong>sitas</strong></span> <span class='ocrx_word' id='word_1_163' title='bbox 406 1476 481 1505; x_wconf 90' lang='lat' dir='ltr'><strong>loco</strong></span> <span class='ocrx_word' id='word_1_164' title='bbox 521 1475 687 1506; x_wconf 86' lang='lat' dir='ltr'><strong>invenisse</strong></span> <span class='ocrx_word' id='word_1_165' title='bbox 722 1475 799 1505; x_wconf 90' lang='lat' dir='ltr'><strong>dicit</strong></span> <span class='ocrx_word' id='word_1_166' title='bbox 843 1476 1057 1515; x_wconf 86' lang='lat' dir='ltr'><strong>pennatulas,</strong></span> <span class='ocrx_word' id='word_1_167' title='bbox 1103 1487 1244 1515; x_wconf 86' lang='lat' dir='ltr'><strong>quarum</strong></span> <span class='ocrx_word' id='word_1_168' title='bbox 1276 1477 1317 1505; x_wconf 85' lang='lat' dir='ltr'><strong>ad</strong></span> <span class='ocrx_word' id='word_1_169' title='bbox 1353 1475 1513 1505; x_wconf 84' lang='lat' dir='ltr'><strong>familiam</strong></span> <span class='ocrx_word' id='word_1_170' title='bbox 1550 1476 1698 1507; x_wconf 87' lang='lat' dir='ltr'><strong>veretilla</strong></span> <span class='ocrx_word' id='word_1_171' title='bbox 1733 1477 1953 1508; x_wconf 76' lang='lat' dir='ltr'><strong>adscribenda</strong></span> 
     </span>
     <span class='ocr_line' id='line_1_18' title="bbox 133 1540 1955 1581; baseline 0.001 -10"><span class='ocrx_word' id='word_1_172' title='bbox 133 1546 219 1571; x_wconf 86' lang='lat' dir='ltr'><strong>sunt.</strong></span> <span class='ocrx_word' id='word_1_173' title='bbox 263 1540 350 1581; x_wconf 80' lang='lat' dir='ltr'><strong>Quid</strong></span> <span class='ocrx_word' id='word_1_174' title='bbox 371 1540 471 1581; x_wconf 81' lang='lat' dir='ltr'><strong>igitur</strong></span> <span class='ocrx_word' id='word_1_175' title='bbox 494 1541 612 1571; x_wconf 90' lang='lat' dir='ltr'><strong>rectius</strong></span> <span class='ocrx_word' id='word_1_176' title='bbox 635 1543 820 1581; x_wconf 81' lang='lat' dir='ltr'><strong>appellares</strong></span> <span class='ocrx_word' id='word_1_177' title='bbox 854 1542 990 1572; x_wconf 76' lang='lat' dir='ltr'><strong>bestiam</strong></span> <span class='ocrx_word' id='word_1_178' title='bbox 1028 1552 1095 1571; x_wconf 87' lang='grc'><strong>11011</strong></span> <span class='ocrx_word' id='word_1_179' title='bbox 1120 1543 1372 1580; x_wconf 72' lang='lat' dir='ltr'><strong>adhaerentem,</strong></span> <span class='ocrx_word' id='word_1_180' title='bbox 1418 1552 1478 1571; x_wconf 89' lang='lat' dir='ltr'><strong>nec</strong></span> <span class='ocrx_word' id='word_1_181' title='bbox 1507 1546 1615 1572; x_wconf 83' lang='lat' dir='ltr'><strong>tamen</strong></span> <span class='ocrx_word' id='word_1_182' title='bbox 1649 1543 1724 1572; x_wconf 88' lang='lat' dir='ltr'><strong>loco</strong></span> <span class='ocrx_word' id='word_1_183' title='bbox 1754 1552 1790 1572; x_wconf 91' lang='lat' dir='ltr'><strong>se</strong></span> <span class='ocrx_word' id='word_1_184' title='bbox 1818 1553 1955 1573; x_wconf 72' lang='lat' dir='ltr'><strong>moven-</strong></span> 
     </span>
     <span class='ocr_line' id='line_1_19' title="bbox 132 1606 1952 1647; baseline 0.001 -11"><span class='ocrx_word' id='word_1_185' title='bbox 132 1613 197 1636; x_wconf 87' lang='lat' dir='ltr'><strong>tem</strong></span> <span class='ocrx_word' id='word_1_186' title='bbox 209 1628 216 1642; x_wconf 92' lang='lat'><strong>,</strong></span> <span class='ocrx_word' id='word_1_187' title='bbox 239 1606 349 1636; x_wconf 81' lang='lat' dir='ltr'><strong>frutici</strong></span> <span class='ocrx_word' id='word_1_188' title='bbox 363 1616 430 1636; x_wconf 90' lang='lat' dir='ltr'><strong>non</strong></span> <span class='ocrx_word' id='word_1_189' title='bbox 444 1606 619 1646; x_wconf 84' lang='lat' dir='ltr'><strong>imparem,</strong></span> <span class='ocrx_word' id='word_1_190' title='bbox 646 1618 740 1646; x_wconf 88' lang='lat' dir='ltr'><strong>quam</strong></span> <span class='ocrx_word' id='word_1_191' title='bbox 758 1608 944 1638; x_wconf 59' lang='grc' dir='ltr'><strong>νει-0111111111</strong></span> <span class='ocrx_word' id='word_1_192' title='bbox 967 1609 1135 1647; x_wconf 81' lang='lat' dir='ltr'>quoddam</span> <span class='ocrx_word' id='word_1_193' title='bbox 1153 1615 1207 1638; x_wconf 87' lang='lat' dir='ltr'><strong>aut</strong></span> <span class='ocrx_word' id='word_1_194' title='bbox 1230 1608 1319 1637; x_wconf 83' lang='lat' dir='ltr'><strong>alind</strong></span> <span class='ocrx_word' id='word_1_195' title='bbox 1337 1618 1375 1637; x_wconf 77' lang='lat' dir='ltr'><strong>ex</strong></span> <span class='ocrx_word' id='word_1_196' title='bbox 1400 1607 1654 1646; x_wconf 85' lang='lat' dir='ltr'><strong>pennatularum</strong></span> <span class='ocrx_word' id='word_1_197' title='bbox 1672 1606 1795 1637; x_wconf 80' lang='lat' dir='ltr'><strong>familia</strong></span> <span class='ocrx_word' id='word_1_198' title='bbox 1809 1608 1952 1638; x_wconf 78' lang='lat' dir='ltr'><strong>animal?</strong></span> 
     </span>
    </p>

    <p class='ocr_par' dir='ltr' id='par_1_5' title="bbox 129 1671 1955 1911">
     <span class='ocr_line' id='line_1_20' title="bbox 215 1671 1955 1715; baseline 0.001 -13"><span class='ocrx_word' id='word_1_199' title='bbox 215 1674 335 1703; x_wconf 84' lang='lat' dir='ltr'><strong>Nostro</strong></span> <span class='ocrx_word' id='word_1_200' title='bbox 369 1673 483 1711; x_wconf 89' lang='lat' dir='ltr'><strong>utique</strong></span> <span class='ocrx_word' id='word_1_201' title='bbox 512 1673 779 1703; x_wconf 79' lang='lat' dir='ltr'><strong>holothuriarurn</strong></span> <span class='ocrx_word' id='word_1_202' title='bbox 810 1674 924 1715; x_wconf 81' lang='lat' dir='ltr'><strong>generi</strong></span> <span class='ocrx_word' id='word_1_203' title='bbox 955 1673 1140 1704; x_wconf 67' lang='lat' dir='ltr'><strong>convenire·</strong></span> <span class='ocrx_word' id='word_1_204' title='bbox 1167 1674 1316 1711; x_wconf 85' lang='lat' dir='ltr'><strong>videtur,</strong></span> <span class='ocrx_word' id='word_1_205' title='bbox 1349 1673 1440 1711; x_wconf 87' lang='lat' dir='ltr'><strong>quod</strong></span> <span class='ocrx_word' id='word_1_206' title='bbox 1469 1678 1595 1702; x_wconf 81' lang='lat' dir='ltr'><strong>veteres</strong></span> <span class='ocrx_word' id='word_1_207' title='bbox 1618 1671 1754 1710; x_wconf 87' lang='lat' dir='ltr'><strong>qnidam</strong></span> <span class='ocrx_word' id='word_1_208' title='bbox 1776 1672 1955 1712; x_wconf 84' lang='lat' dir='ltr'><strong>scriptores</strong></span> 
     </span>
     <span class='ocr_line' id='line_1_21' title="bbox 132 1737 1953 1778; baseline -0.001 -11"><span class='ocrx_word' id='word_1_209' title='bbox 132 1738 298 1768; x_wconf 87' lang='lat' dir='ltr'><strong>Halesnrii</strong></span> <span class='ocrx_word' id='word_1_210' title='bbox 327 1738 467 1769; x_wconf 89' lang='lat' dir='ltr'><strong>nomine</strong></span> <span class='ocrx_word' id='word_1_211' title='bbox 490 1739 682 1775; x_wconf 85' lang='lat' dir='ltr'><strong>utebantur,</strong></span> <span class='ocrx_word' id='word_1_212' title='bbox 719 1739 777 1778; x_wconf 85' lang='lat' dir='ltr'>(cf.</span> <span class='ocrx_word' id='word_1_213' title='bbox 800 1740 923 1770; x_wconf 75' lang='lat' dir='ltr'><strong>Miillcr</strong></span> <span class='ocrx_word' id='word_1_214' title='bbox 944 1740 1040 1769; x_wconf 84' lang='lat' dir='ltr'><strong>Zool.</strong></span> <span class='ocrx_word' id='word_1_215' title='bbox 1064 1740 1148 1769; x_wconf 83' lang='lat' dir='ltr'><strong>Dan.</strong></span> <span class='ocrx_word' id='word_1_216' title='bbox 1168 1740 1264 1769; x_wconf 87' lang='lat' dir='ltr'><strong>Tom.</strong></span> <span class='ocrx_word' id='word_1_217' title='bbox 1289 1740 1313 1769; x_wconf 91' lang='lat'><strong>1.</strong></span> <span class='ocrx_word' id='word_1_218' title='bbox 1342 1749 1417 1778; x_wconf 81' lang='lat' dir='ltr'><strong>pag.</strong></span> <span class='ocrx_word' id='word_1_219' title='bbox 1448 1739 1477 1775; x_wconf 84' lang='lat'><strong>1)</strong></span> <span class='ocrx_word' id='word_1_220' title='bbox 1510 1739 1602 1776; x_wconf 88' lang='lat' dir='ltr'><strong>quod</strong></span> <span class='ocrx_word' id='word_1_221' title='bbox 1631 1737 1755 1767; x_wconf 81' lang='lat' dir='ltr'><strong>animal</strong></span> <span class='ocrx_word' id='word_1_222' title='bbox 1787 1737 1953 1767; x_wconf 85' lang='lat' dir='ltr'><strong>marinum</strong></span> 
     </span>
     <span class='ocr_line' id='line_1_22' title="bbox 130 1802 1953 1847; baseline -0.001 -13"><span class='ocrx_word' id='word_1_223' title='bbox 130 1805 335 1835; x_wconf 83' lang='lat' dir='ltr'><strong>caudisormc</strong></span> <span class='ocrx_word' id='word_1_224' title='bbox 358 1805 543 1847; x_wconf 82' lang='lat' dir='ltr'><strong>significare</strong></span> <span class='ocrx_word' id='word_1_225' title='bbox 565 1810 693 1845; x_wconf 84' lang='lat' dir='ltr'><strong>potest,</strong></span> <span class='ocrx_word' id='word_1_226' title='bbox 725 1811 757 1835; x_wconf 90' lang='lat' dir='ltr'><strong>nt</strong></span> <span class='ocrx_word' id='word_1_227' title='bbox 779 1805 875 1835; x_wconf 83' lang='lat' dir='ltr'><strong>etiam</strong></span> <span class='ocrx_word' id='word_1_228' title='bbox 900 1805 1110 1835; x_wconf 83' lang='lat' dir='ltr'><strong>holothnriae</strong></span> <span class='ocrx_word' id='word_1_229' title='bbox 1133 1803 1358 1845; x_wconf 81' lang='lat' dir='ltr'><strong>etymologia,</strong></span> <span class='ocrx_word' id='word_1_230' title='bbox 1396 1803 1516 1834; x_wconf 87' lang='lat' dir='ltr'><strong>bestias</strong></span> <span class='ocrx_word' id='word_1_231' title='bbox 1546 1803 1685 1834; x_wconf 84' lang='lat' dir='ltr'><strong>fortasse</strong></span> <span class='ocrx_word' id='word_1_232' title='bbox 1707 1802 1897 1844; x_wconf 80' lang='lat' dir='ltr'><strong>significans</strong></span> <span class='ocrx_word' id='word_1_233' title='bbox 1919 1803 1953 1833; x_wconf 86' lang='lat' dir='ltr'><strong>in</strong></span> 
     </span>
     <span class='ocr_line' id='line_1_23' title="bbox 129 1870 1141 1911; baseline 0 -12"><span class='ocrx_word' id='word_1_234' title='bbox 129 1875 198 1899; x_wconf 87' lang='lat' dir='ltr'><strong>toto</strong></span> <span class='ocrx_word' id='word_1_235' title='bbox 221 1880 362 1909; x_wconf 86' lang='lat' dir='ltr'><strong>corpore</strong></span> <span class='ocrx_word' id='word_1_236' title='bbox 384 1871 508 1900; x_wconf 80' lang='lat' dir='ltr'><strong>caudae</strong></span> <span class='ocrx_word' id='word_1_237' title='bbox 532 1871 679 1910; x_wconf 82' lang='lat' dir='ltr'><strong>similes,</strong></span> <span class='ocrx_word' id='word_1_238' title='bbox 702 1878 816 1900; x_wconf 84' lang='lat' dir='ltr'><strong>nostro</strong></span> <span class='ocrx_word' id='word_1_239' title='bbox 840 1870 994 1900; x_wconf 75' lang='lat' dir='ltr'><strong>convenit</strong></span> <span class='ocrx_word' id='word_1_240' title='bbox 1017 1870 1141 1911; x_wconf 74' lang='lat' dir='ltr'><strong>generi.</strong></span> 
     </span>
    </p>

    <p class='ocr_par' dir='ltr' id='par_1_6' title="bbox 127 1935 1953 2238">
     <span class='ocr_line' id='line_1_24' title="bbox 215 1935 1953 1976; baseline -0.001 -10"><span class='ocrx_word' id='word_1_241' title='bbox 215 1935 366 1974; x_wconf 83' lang='lat' dir='ltr'><strong>Primus,</strong></span> <span class='ocrx_word' id='word_1_242' title='bbox 398 1936 456 1974; x_wconf 90' lang='lat' dir='ltr'><strong>qui</strong></span> <span class='ocrx_word' id='word_1_243' title='bbox 494 1937 680 1966; x_wconf 88' lang='lat' dir='ltr'><strong>holothurii</strong></span> <span class='ocrx_word' id='word_1_244' title='bbox 724 1947 847 1966; x_wconf 86' lang='lat' dir='ltr'><strong>nomen</strong></span> <span class='ocrx_word' id='word_1_245' title='bbox 869 1937 1012 1976; x_wconf 83' lang='lat' dir='ltr'><strong>bestiae,</strong></span> <span class='ocrx_word' id='word_1_246' title='bbox 1046 1947 1134 1966; x_wconf 83' lang='lat' dir='ltr'><strong>nune</strong></span> <span class='ocrx_word' id='word_1_247' title='bbox 1161 1943 1296 1975; x_wconf 84' lang='lat' dir='ltr'><strong>quoqne</strong></span> <span class='ocrx_word' id='word_1_248' title='bbox 1324 1936 1367 1965; x_wconf 89' lang='lat' dir='ltr'><strong>ad</strong></span> <span class='ocrx_word' id='word_1_249' title='bbox 1396 1940 1547 1965; x_wconf 87' lang='lat' dir='ltr'><strong>nostrum</strong></span> <span class='ocrx_word' id='word_1_250' title='bbox 1569 1945 1674 1976; x_wconf 81' lang='lat' dir='ltr'><strong>genus</strong></span> <span class='ocrx_word' id='word_1_251' title='bbox 1707 1935 1953 1975; x_wconf 84' lang='lat' dir='ltr'><strong>adscribendae,</strong></span> 
     </span>
     <span class='ocr_line' id='line_1_25' title="bbox 130 2000 1953 2042; baseline 0.001 -12"><span class='ocrx_word' id='word_1_252' title='bbox 130 2000 259 2040; x_wconf 85' lang='lat' dir='ltr'><strong>tribuit,</strong></span> <span class='ocrx_word' id='word_1_253' title='bbox 287 2002 452 2032; x_wconf 78' lang='lat' dir='ltr'><strong>Bondelet</strong></span> <span class='ocrx_word' id='word_1_254' title='bbox 475 2001 578 2033; x_wconf 82' lang='lat' dir='ltr'><strong>fuisse</strong></span> <span class='ocrx_word' id='word_1_255' title='bbox 602 2003 741 2033; x_wconf 73' lang='lat' dir='ltr'><strong>videtur.</strong></span> <span class='ocrx_word' id='word_1_256' title='bbox 784 2003 949 2033; x_wconf 85' lang='lat' dir='ltr'><strong>Linnaens</strong></span> <span class='ocrx_word' id='word_1_257' title='bbox 979 2002 1013 2032; x_wconf 89' lang='lat' dir='ltr'><strong>in</strong></span> <span class='ocrx_word' id='word_1_258' title='bbox 1041 2002 1148 2042; x_wconf 83' lang='lat' dir='ltr'><strong>prima</strong></span> <span class='ocrx_word' id='word_1_259' title='bbox 1176 2000 1364 2042; x_wconf 85' lang='lat' dir='ltr'><strong>systematis</strong></span> <span class='ocrx_word' id='word_1_260' title='bbox 1389 2006 1526 2031; x_wconf 80' lang='lat' dir='ltr'><strong>naturae</strong></span> <span class='ocrx_word' id='word_1_261' title='bbox 1552 2001 1699 2031; x_wconf 87' lang='lat' dir='ltr'><strong>editione</strong></span> <span class='ocrx_word' id='word_1_262' title='bbox 1725 2003 1789 2031; x_wconf 90' lang='grc'><strong>1100</strong></span> <span class='ocrx_word' id='word_1_263' title='bbox 1817 2001 1953 2032; x_wconf 87' lang='lat' dir='ltr'><strong>nomine</strong></span> 
     </span>
     <span class='ocr_line' id='line_1_26' title="bbox 127 2065 1953 2109; baseline 0.002 -14"><span class='ocrx_word' id='word_1_264' title='bbox 127 2067 277 2096; x_wconf 86' lang='lat' dir='ltr'><strong>nondum</strong></span> <span class='ocrx_word' id='word_1_265' title='bbox 302 2067 424 2103; x_wconf 69' lang='lat' dir='ltr'><strong>utitur⁴7</strong></span> <span class='ocrx_word' id='word_1_266' title='bbox 456 2067 490 2096; x_wconf 89' lang='lat' dir='ltr'><strong>in</strong></span> <span class='ocrx_word' id='word_1_267' title='bbox 518 2068 596 2098; x_wconf 86' lang='lat' dir='ltr'><strong>edit.</strong></span> <span class='ocrx_word' id='word_1_268' title='bbox 620 2068 747 2098; x_wconf 88' lang='lat' dir='ltr'><strong>decima</strong></span> <span class='ocrx_word' id='word_1_269' title='bbox 771 2078 876 2109; x_wconf 79' lang='lat' dir='ltr'><strong>genus</strong></span> <span class='ocrx_word' id='word_1_270' title='bbox 905 2068 1036 2107; x_wconf 82' lang='lat' dir='ltr'><strong>quidem</strong></span> <span class='ocrx_word' id='word_1_271' title='bbox 1064 2065 1158 2097; x_wconf 74' lang='lat' dir='ltr'><strong>ass&#39;ert</strong></span> <span class='ocrx_word' id='word_1_272' title='bbox 1187 2067 1323 2097; x_wconf 86' lang='lat' dir='ltr'><strong>nomine</strong></span> <span class='ocrx_word' id='word_1_273' title='bbox 1349 2068 1501 2105; x_wconf 59' lang='lat' dir='ltr'><strong>Holoth„</strong></span> <span class='ocrx_word' id='word_1_274' title='bbox 1524 2066 1602 2096; x_wconf 85' lang='lat' dir='ltr'><strong>huie</strong></span> <span class='ocrx_word' id='word_1_275' title='bbox 1634 2077 1712 2096; x_wconf 78' lang='lat' dir='ltr'><strong>vero</strong></span> <span class='ocrx_word' id='word_1_276' title='bbox 1735 2067 1847 2107; x_wconf 81' lang='lat' dir='ltr'><strong>generi</strong></span> <span class='ocrx_word' id='word_1_277' title='bbox 1871 2077 1953 2105; x_wconf 77' lang='lat' dir='ltr'><strong>quas</strong></span> 
     </span>
     <span class='ocr_line' id='line_1_27' title="bbox 130 2132 1953 2174; baseline 0 -12"><span class='ocrx_word' id='word_1_278' title='bbox 130 2133 254 2171; x_wconf 81' lang='lat' dir='ltr'><strong>specics</strong></span> <span class='ocrx_word' id='word_1_279' title='bbox 283 2133 456 2171; x_wconf 84' lang='lat' dir='ltr'><strong>adscribit,</strong></span> <span class='ocrx_word' id='word_1_280' title='bbox 496 2143 611 2164; x_wconf 86' lang='lat' dir='ltr'><strong>omnes</strong></span> <span class='ocrx_word' id='word_1_281' title='bbox 644 2135 808 2174; x_wconf 81' lang='lat' dir='ltr'><strong>salparum</strong></span> <span class='ocrx_word' id='word_1_282' title='bbox 841 2135 981 2173; x_wconf 82' lang='lat' dir='ltr'><strong>aliisque</strong></span> <span class='ocrx_word' id='word_1_283' title='bbox 1013 2134 1207 2168; x_wconf 78' lang='lat' dir='ltr'><strong>tribuendae</strong></span> <span class='ocrx_word' id='word_1_284' title='bbox 1239 2138 1313 2164; x_wconf 87' lang='lat' dir='ltr'><strong>snnt</strong></span> <span class='ocrx_word' id='word_1_285' title='bbox 1343 2133 1541 2174; x_wconf 81' lang='lat' dir='ltr'><strong>generibus:</strong></span> <span class='ocrx_word' id='word_1_286' title='bbox 1573 2132 1606 2162; x_wconf 92' lang='lat' dir='ltr'><strong>in</strong></span> <span class='ocrx_word' id='word_1_287' title='bbox 1638 2133 1689 2163; x_wconf 87' lang='lat' dir='ltr'><strong>ed.</strong></span> <span class='ocrx_word' id='word_1_288' title='bbox 1722 2133 1796 2163; x_wconf 92' lang='lat' dir='ltr'><strong>Xll.</strong></span> <span class='ocrx_word' id='word_1_289' title='bbox 1818 2134 1953 2163; x_wconf 84' lang='lat' dir='ltr'><strong>demum</strong></span> 
     </span>
     <span class='ocr_line' id='line_1_28' title="bbox 130 2198 1008 2238; baseline 0.006 -12"><span class='ocrx_word' id='word_1_290' title='bbox 130 2199 259 2229; x_wconf 85' lang='lat' dir='ltr'><strong>holoth.</strong></span> <span class='ocrx_word' id='word_1_291' title='bbox 281 2202 434 2238; x_wconf 59' lang='lat' dir='ltr'><strong>qnasi-lam</strong></span> <span class='ocrx_word' id='word_1_292' title='bbox 458 2210 552 2230; x_wconf 74' lang='lat' dir='ltr'><strong>veras</strong></span> <span class='ocrx_word' id='word_1_293' title='bbox 574 2201 638 2230; x_wconf 89' lang='lat' dir='ltr'><strong>hoc</strong></span> <span class='ocrx_word' id='word_1_294' title='bbox 661 2201 722 2230; x_wconf 76' lang='lat' dir='ltr'><strong>sul)</strong></span> <span class='ocrx_word' id='word_1_295' title='bbox 745 2200 880 2230; x_wconf 87' lang='lat' dir='ltr'><strong>nomine</strong></span> <span class='ocrx_word' id='word_1_296' title='bbox 902 2198 1008 2231; x_wconf 79' lang='lat' dir='ltr'><strong>affert.</strong></span> 
     </span>
    </p>

    <p class='ocr_par' dir='ltr' id='par_1_7' title="bbox 133 2252 1954 2427">
     <span class='ocr_line' id='line_1_29' title="bbox 211 2252 1954 2306; baseline 0 -12"><span class='ocrx_word' id='word_1_297' title='bbox 211 2265 302 2305; x_wconf 73' lang='lat' dir='ltr'><strong>Quae</strong></span> <span class='ocrx_word' id='word_1_298' title='bbox 324 2265 388 2295; x_wconf 87' lang='lat' dir='ltr'><strong>alia</strong></span> <span class='ocrx_word' id='word_1_299' title='bbox 412 2267 541 2296; x_wconf 88' lang='grc'><strong>11010111.</strong></span> <span class='ocrx_word' id='word_1_300' title='bbox 565 2267 687 2296; x_wconf 83' lang='lat' dir='ltr'><strong>nostris</strong></span> <span class='ocrx_word' id='word_1_301' title='bbox 712 2266 900 2296; x_wconf 80' lang='lat' dir='ltr'><strong>tribuuntur</strong></span> <span class='ocrx_word' id='word_1_302' title='bbox 922 2266 1075 2302; x_wconf 86' lang='lat' dir='ltr'><strong>nomina,</strong></span> <span class='ocrx_word' id='word_1_303' title='bbox 1110 2266 1311 2306; x_wconf 82' lang='lat' dir='ltr'><strong>plerumque</strong></span> <span class='ocrx_word' id='word_1_304' title='bbox 1334 2266 1497 2301; x_wconf 82' lang='lat' dir='ltr'><strong>obscena,</strong></span> <span class='ocrx_word' id='word_1_305' title='bbox 1529 2270 1564 2295; x_wconf 83' lang='lat' dir='ltr'><strong>ut</strong></span> <span class='ocrx_word' id='word_1_306' title='bbox 1587 2252 1755 2304; x_wconf 77' lang='lat' dir='ltr'><strong>„genitale</strong></span> <span class='ocrx_word' id='word_1_307' title='bbox 1779 2265 1954 2300; x_wconf 41' lang='lat' dir='ltr'><strong>marinum,</strong></span> 
     </span>
     <span class='ocr_line' id='line_1_30' title="bbox 135 2330 1950 2374; baseline 0.001 -17"><span class='ocrx_word' id='word_1_308' title='bbox 135 2339 222 2358; x_wconf 70' lang='lat' dir='ltr'><strong>camo</strong></span> <span class='ocrx_word' id='word_1_309' title='bbox 240 2330 273 2359; x_wconf 85' lang='lat' dir='ltr'><strong>di</strong></span> <span class='ocrx_word' id='word_1_310' title='bbox 295 2341 384 2361; x_wconf 82' lang='lat' dir='ltr'><strong>mare</strong></span> <span class='ocrx_word' id='word_1_311' title='bbox 407 2335 498 2370; x_wconf 71' lang='grc'><strong>010.“,</strong></span> <span class='ocrx_word' id='word_1_312' title='bbox 521 2343 559 2362; x_wconf 84' lang='lat' dir='ltr'><strong>ex</strong></span> <span class='ocrx_word' id='word_1_313' title='bbox 583 2343 619 2363; x_wconf 94' lang='grc'><strong>00</strong></span> <span class='ocrx_word' id='word_1_314' title='bbox 643 2332 801 2374; x_wconf 76' lang='lat' dir='ltr'><strong>originem</strong></span> <span class='ocrx_word' id='word_1_315' title='bbox 820 2334 971 2371; x_wconf 84' lang='lat' dir='ltr'><strong>trahunt,</strong></span> <span class='ocrx_word' id='word_1_316' title='bbox 992 2334 1083 2371; x_wconf 86' lang='lat' dir='ltr'><strong>quod</strong></span> <span class='ocrx_word' id='word_1_317' title='bbox 1104 2337 1254 2362; x_wconf 84' lang='lat' dir='ltr'><strong>contactu</strong></span> <span class='ocrx_word' id='word_1_318' title='bbox 1272 2333 1449 2362; x_wconf 78' lang='lat' dir='ltr'><strong>durescunt</strong></span> <span class='ocrx_word' id='word_1_319' title='bbox 1472 2335 1503 2361; x_wconf 88' lang='lat' dir='ltr'><strong>et</strong></span> <span class='ocrx_word' id='word_1_320' title='bbox 1524 2340 1644 2369; x_wconf 83' lang='lat' dir='ltr'><strong>aquam</strong></span> <span class='ocrx_word' id='word_1_321' title='bbox 1661 2341 1699 2361; x_wconf 81' lang='lat' dir='ltr'><strong>cx</strong></span> <span class='ocrx_word' id='word_1_322' title='bbox 1715 2341 1779 2360; x_wconf 85' lang='lat' dir='ltr'><strong>ano</strong></span> <span class='ocrx_word' id='word_1_323' title='bbox 1795 2341 1950 2371; x_wconf 70' lang='lat' dir='ltr'><strong>spargere</strong></span> 
     </span>
     <span class='ocr_line' id='line_1_31' title="bbox 133 2395 480 2427; baseline 0.012 -4"><span class='ocrx_word' id='word_1_324' title='bbox 133 2395 238 2424; x_wconf 89' lang='lat' dir='ltr'><strong>solent</strong></span> <span class='ocrx_word' id='word_1_325' title='bbox 261 2396 322 2425; x_wconf 89' lang='lat' dir='ltr'><strong>hae</strong></span> <span class='ocrx_word' id='word_1_326' title='bbox 344 2397 480 2427; x_wconf 85' lang='lat' dir='ltr'><strong>bestiae.</strong></span> 
     </span>
    </p>

    <p class='ocr_par' dir='ltr' id='par_1_8' title="bbox 132 2461 1950 2568">
     <span class='ocr_line' id='line_1_32' title="bbox 213 2461 1950 2503; baseline 0 -13"><span class='ocrx_word' id='word_1_327' title='bbox 213 2463 249 2490; x_wconf 78' lang='lat' dir='ltr'><strong>At</strong></span> <span class='ocrx_word' id='word_1_328' title='bbox 274 2461 300 2491; x_wconf 92' lang='lat' dir='ltr'><strong>si</strong></span> <span class='ocrx_word' id='word_1_329' title='bbox 323 2462 385 2491; x_wconf 86' lang='lat' dir='ltr'><strong>iam</strong></span> <span class='ocrx_word' id='word_1_330' title='bbox 410 2463 600 2494; x_wconf 76' lang='lat' dir='ltr'><strong>nominibus</strong></span> <span class='ocrx_word' id='word_1_331' title='bbox 623 2463 744 2494; x_wconf 85' lang='lat' dir='ltr'><strong>relictis</strong></span> <span class='ocrx_word' id='word_1_332' title='bbox 767 2464 976 2503; x_wconf 82' lang='lat' dir='ltr'><strong>quaerimus,</strong></span> <span class='ocrx_word' id='word_1_333' title='bbox 1007 2463 1087 2502; x_wconf 87' lang='lat' dir='ltr'><strong>qnid</strong></span> <span class='ocrx_word' id='word_1_334' title='bbox 1115 2465 1155 2494; x_wconf 87' lang='lat' dir='ltr'><strong>de</strong></span> <span class='ocrx_word' id='word_1_335' title='bbox 1183 2465 1312 2493; x_wconf 87' lang='grc'><strong>11010111.</strong></span> <span class='ocrx_word' id='word_1_336' title='bbox 1347 2462 1515 2503; x_wconf 75' lang='lat' dir='ltr'><strong>cognitum</strong></span> <span class='ocrx_word' id='word_1_337' title='bbox 1538 2461 1712 2492; x_wconf 75' lang='lat' dir='ltr'><strong>habuerint</strong></span> <span class='ocrx_word' id='word_1_338' title='bbox 1740 2466 1880 2499; x_wconf 75' lang='lat' dir='ltr'><strong>veteres,</strong></span> <span class='ocrx_word' id='word_1_339' title='bbox 1915 2461 1950 2490; x_wconf 88' lang='lat' dir='ltr'><strong>in</strong></span> 
     </span>
     <span class='ocr_line' id='line_1_33' title="bbox 132 2525 1950 2568; baseline 0.001 -13"><span class='ocrx_word' id='word_1_340' title='bbox 132 2525 304 2556; x_wconf 78' lang='lat' dir='ltr'><strong>Aristotele</strong></span> <span class='ocrx_word' id='word_1_341' title='bbox 338 2526 383 2556; x_wconf 89' lang='lat' dir='ltr'><strong>nil</strong></span> <span class='ocrx_word' id='word_1_342' title='bbox 419 2527 553 2558; x_wconf 85' lang='lat' dir='ltr'><strong>invenio</strong></span> <span class='ocrx_word' id='word_1_343' title='bbox 589 2529 686 2567; x_wconf 85' lang='lat' dir='ltr'><strong>certi,</strong></span> <span class='ocrx_word' id='word_1_344' title='bbox 729 2528 827 2558; x_wconf 86' lang='lat' dir='ltr'><strong>Plinii</strong></span> <span class='ocrx_word' id='word_1_345' title='bbox 849 2534 973 2568; x_wconf 87' lang='lat' dir='ltr'><strong>antem,</strong></span> <span class='ocrx_word' id='word_1_346' title='bbox 1007 2529 1064 2568; x_wconf 86' lang='lat' dir='ltr'><strong>qni</strong></span> <span class='ocrx_word' id='word_1_347' title='bbox 1092 2529 1212 2559; x_wconf 68' lang='lat' dir='ltr'><strong>dicitnr</strong></span> <span class='ocrx_word' id='word_1_348' title='bbox 1234 2529 1381 2560; x_wconf 83' lang='lat' dir='ltr'><strong>cucumis</strong></span> <span class='ocrx_word' id='word_1_349' title='bbox 1405 2528 1567 2563; x_wconf 78' lang='lat' dir='ltr'><strong>marinus,</strong></span> <span class='ocrx_word' id='word_1_350' title='bbox 1598 2527 1668 2555; x_wconf 88' lang='lat' dir='ltr'><strong>hol.</strong></span> <span class='ocrx_word' id='word_1_351' title='bbox 1700 2531 1851 2565; x_wconf 81' lang='lat' dir='ltr'><strong>pentacta</strong></span> <span class='ocrx_word' id='word_1_352' title='bbox 1879 2536 1950 2556; x_wconf 77' lang='lat' dir='ltr'><strong>esse</strong></span> 
     </span>
    </p>
   </div>
   <div class='ocr_carea' id='block_1_5' title="bbox 131 2591 1949 2633">
    <p class='ocr_par' dir='ltr' id='par_1_9' title="bbox 131 2591 1949 2633">
     <span class='ocr_line' id='line_1_34' title="bbox 131 2591 1949 2633; baseline 0.002 -13"><span class='ocrx_word' id='word_1_353' title='bbox 131 2591 277 2630; x_wconf 83' lang='lat' dir='ltr'><strong>videtur,</strong></span> <span class='ocrx_word' id='word_1_354' title='bbox 345 2597 378 2621; x_wconf 87' lang='lat' dir='ltr'><strong>ut</strong></span> <span class='ocrx_word' id='word_1_355' title='bbox 423 2591 488 2622; x_wconf 86' lang='lat' dir='ltr'><strong>iam</strong></span> <span class='ocrx_word' id='word_1_356' title='bbox 532 2595 654 2624; x_wconf 80' lang='lat' dir='ltr'><strong>Miiller.</strong></span> <span class='ocrx_word' id='word_1_357' title='bbox 698 2594 826 2625; x_wconf 81' lang='lat' dir='ltr'><strong>monuit</strong></span> <span class='ocrx_word' id='word_1_358' title='bbox 888 2596 946 2626; x_wconf 88' lang='lat' dir='ltr'><strong>scd</strong></span> <span class='ocrx_word' id='word_1_359' title='bbox 987 2605 1005 2624; x_wconf 87' lang='lat' dir='ltr'><strong>a</strong></span> <span class='ocrx_word' id='word_1_360' title='bbox 1048 2604 1127 2624; x_wconf 70' lang='lat' dir='ltr'><strong>vero</strong></span> <span class='ocrx_word' id='word_1_361' title='bbox 1176 2596 1290 2625; x_wconf 70' lang='lat' dir='ltr'><strong>abe;sc</strong></span> <span class='ocrx_word' id='word_1_362' title='bbox 1341 2594 1471 2624; x_wconf 76' lang='lat' dir='ltr'><strong>videtur</strong></span> <span class='ocrx_word' id='word_1_363' title='bbox 1524 2594 1699 2624; x_wconf 73' lang='lat' dir='ltr'><strong>Uohatlsch</strong></span> <span class='ocrx_word' id='word_1_364' title='bbox 1744 2592 1949 2633; x_wconf 81' lang='lat' dir='ltr'><strong>suspicatus,</strong></span> 
     </span>
    </p>
   </div>
  </div>
 </body>
</html>
