<?xml version="1.0" encoding="UTF-8"?>
<!DOCTYPE html PUBLIC "-//W3C//DTD XHTML 1.0 Transitional//EN"
    "http://www.w3.org/TR/xhtml1/DTD/xhtml1-transitional.dtd">
<html xmlns="http://www.w3.org/1999/xhtml" xml:lang="en" lang="en">
 <head>
  <title>
</title>
<meta http-equiv="Content-Type" content="text/html;charset=utf-8" />
  <meta name='ocr-system' content='tesseract 3.04.00' />
  <meta name='ocr-capabilities' content='ocr_page ocr_carea ocr_par ocr_line ocrx_word'/>
</head>
<body>
  <div class='ocr_page' id='page_1' title='image "./deholothuriis00j_0013.png"; bbox 0 0 2373 3028; ppageno 0'>
   <div class='ocr_carea' id='block_1_1' title="bbox 1952 186 1972 217">
    <p class='ocr_par' dir='ltr' id='par_1_1' title="bbox 1952 186 1972 217">
     <span class='ocr_line' id='line_1_1' title="bbox 1952 186 1972 217; baseline -0.1 0"><span class='ocrx_word' id='word_1_1' title='bbox 1952 186 1972 217; x_wconf 65' lang='lat' dir='ltr'><strong>(t</strong></span> 
     </span>
    </p>
   </div>
   <div class='ocr_carea' id='block_1_2' title="bbox 154 274 1983 1751">
    <p class='ocr_par' dir='ltr' id='par_1_2' title="bbox 156 274 1978 579">
     <span class='ocr_line' id='line_1_2' title="bbox 158 274 1975 318; baseline -0.001 -10"><span class='ocrx_word' id='word_1_2' title='bbox 158 287 278 318; x_wconf 88' lang='lat' dir='ltr'><strong>corpus</strong></span> <span class='ocrx_word' id='word_1_3' title='bbox 301 276 579 318; x_wconf 80' lang='lat' dir='ltr'><strong>cartilaginosum,</strong></span> <span class='ocrx_word' id='word_1_4' title='bbox 603 276 732 318; x_wconf 75' lang='lat' dir='ltr'><strong>angulis</strong></span> <span class='ocrx_word' id='word_1_5' title='bbox 755 278 867 307; x_wconf 78' lang='lat' dir='ltr'><strong>decem</strong></span> <span class='ocrx_word' id='word_1_6' title='bbox 891 275 1105 307; x_wconf 83' lang='lat' dir='ltr'><strong>instructum:</strong></span> <span class='ocrx_word' id='word_1_7' title='bbox 1134 276 1345 306; x_wconf 87' lang='lat' dir='ltr'><strong>Subunculus</strong></span> <span class='ocrx_word' id='word_1_8' title='bbox 1369 274 1554 315; x_wconf 72' lang='lat' dir='ltr'><strong>penicillus.</strong></span> <span class='ocrx_word' id='word_1_9' title='bbox 1597 276 1680 306; x_wconf 85' lang='lat' dir='ltr'><strong>Gen.</strong></span> <span class='ocrx_word' id='word_1_10' title='bbox 1703 280 1732 311; x_wconf 72' lang='lat'><strong>3)</strong></span> <span class='ocrx_word' id='word_1_11' title='bbox 1758 277 1975 307; x_wconf 79' lang='lat' dir='ltr'><strong>Ilolothuria:</strong></span> 
     </span>
     <span class='ocr_line' id='line_1_3' title="bbox 157 341 1978 383; baseline 0 -10"><span class='ocrx_word' id='word_1_12' title='bbox 157 353 277 383; x_wconf 83' lang='lat' dir='ltr'><strong>corpus</strong></span> <span class='ocrx_word' id='word_1_13' title='bbox 294 342 496 381; x_wconf 85' lang='lat' dir='ltr'><strong>eoriaceum,</strong></span> <span class='ocrx_word' id='word_1_14' title='bbox 519 343 756 383; x_wconf 75' lang='lat' dir='ltr'><strong>eylindrieum,</strong></span> <span class='ocrx_word' id='word_1_15' title='bbox 777 341 983 380; x_wconf 89' lang='lat' dir='ltr'><strong>contractile;</strong></span> <span class='ocrx_word' id='word_1_16' title='bbox 1006 341 1138 372; x_wconf 87' lang='lat' dir='ltr'><strong>habitus</strong></span> <span class='ocrx_word' id='word_1_17' title='bbox 1153 341 1391 372; x_wconf 74' lang='lat' dir='ltr'><strong>verinisormis:</strong></span> <span class='ocrx_word' id='word_1_18' title='bbox 1416 342 1562 372; x_wconf 86' lang='lat' dir='ltr'><strong>Holoth.</strong></span> <span class='ocrx_word' id='word_1_19' title='bbox 1584 342 1757 381; x_wconf 84' lang='lat' dir='ltr'><strong>tubulosa,</strong></span> <span class='ocrx_word' id='word_1_20' title='bbox 1778 345 1819 374; x_wconf 78' lang='grc' dir='ltr'><strong>Η.</strong></span> <span class='ocrx_word' id='word_1_21' title='bbox 1835 345 1978 383; x_wconf 69' lang='lat' dir='ltr'><strong>elegans.</strong></span> 
     </span>
     <span class='ocr_line' id='line_1_4' title="bbox 156 407 1977 449; baseline 0 -10"><span class='ocrx_word' id='word_1_22' title='bbox 156 410 239 439; x_wconf 90' lang='lat' dir='ltr'><strong>Gen.</strong></span> <span class='ocrx_word' id='word_1_23' title='bbox 261 412 294 447; x_wconf 62' lang='lat'><strong>4)</strong></span> <span class='ocrx_word' id='word_1_24' title='bbox 317 410 451 439; x_wconf 88' lang='lat' dir='ltr'><strong>Psolus:</strong></span> <span class='ocrx_word' id='word_1_25' title='bbox 474 419 594 449; x_wconf 84' lang='lat' dir='ltr'><strong>corpus</strong></span> <span class='ocrx_word' id='word_1_26' title='bbox 617 408 819 447; x_wconf 82' lang='lat' dir='ltr'><strong>coriaeeum,</strong></span> <span class='ocrx_word' id='word_1_27' title='bbox 842 407 1079 448; x_wconf 86' lang='lat' dir='ltr'><strong>cylindricum,</strong></span> <span class='ocrx_word' id='word_1_28' title='bbox 1101 407 1135 438; x_wconf 91' lang='lat' dir='ltr'><strong>in</strong></span> <span class='ocrx_word' id='word_1_29' title='bbox 1158 418 1358 446; x_wconf 87' lang='lat' dir='ltr'><strong>unaquaque</strong></span> <span class='ocrx_word' id='word_1_30' title='bbox 1376 407 1581 438; x_wconf 70' lang='lat' dir='ltr'>extremitate</span> <span class='ocrx_word' id='word_1_31' title='bbox 1603 412 1821 446; x_wconf 83' lang='lat' dir='ltr'><strong>attenuatum3</strong></span> <span class='ocrx_word' id='word_1_32' title='bbox 1844 410 1977 440; x_wconf 85' lang='lat' dir='ltr'><strong>habitus</strong></span> 
     </span>
     <span class='ocr_line' id='line_1_5' title="bbox 156 473 1977 515; baseline 0.001 -11"><span class='ocrx_word' id='word_1_33' title='bbox 156 473 298 504; x_wconf 64' lang='lat' dir='ltr'><strong>limacis.</strong></span> <span class='ocrx_word' id='word_1_34' title='bbox 356 475 396 504; x_wconf 90' lang='lat' dir='ltr'><strong>In</strong></span> <span class='ocrx_word' id='word_1_35' title='bbox 430 480 545 505; x_wconf 75' lang='lat' dir='ltr'><strong>ventre</strong></span> <span class='ocrx_word' id='word_1_36' title='bbox 578 473 687 505; x_wconf 87' lang='lat' dir='ltr'><strong>discus</strong></span> <span class='ocrx_word' id='word_1_37' title='bbox 728 477 776 504; x_wconf 87' lang='lat' dir='ltr'><strong>est</strong></span> <span class='ocrx_word' id='word_1_38' title='bbox 810 473 955 504; x_wconf 87' lang='lat' dir='ltr'><strong>verrucis</strong></span> <span class='ocrx_word' id='word_1_39' title='bbox 987 473 1133 512; x_wconf 86' lang='lat' dir='ltr'><strong>obsitus,</strong></span> <span class='ocrx_word' id='word_1_40' title='bbox 1184 473 1318 512; x_wconf 87' lang='lat' dir='ltr'><strong>plantae</strong></span> <span class='ocrx_word' id='word_1_41' title='bbox 1349 473 1443 512; x_wconf 85' lang='lat' dir='ltr'><strong>pedis</strong></span> <span class='ocrx_word' id='word_1_42' title='bbox 1482 473 1611 505; x_wconf 86' lang='lat' dir='ltr'><strong>similis.</strong></span> <span class='ocrx_word' id='word_1_43' title='bbox 1664 475 1782 504; x_wconf 89' lang='lat' dir='ltr'><strong>Psolus</strong></span> <span class='ocrx_word' id='word_1_44' title='bbox 1814 481 1977 515; x_wconf 78' lang='lat' dir='ltr'><strong>pantapus</strong></span> 
     </span>
     <span class='ocr_line' id='line_1_6' title="bbox 156 541 426 579; baseline 0.004 -10"><span class='ocrx_word' id='word_1_45' title='bbox 156 541 193 569; x_wconf 84' lang='lat' dir='ltr'><strong>T.</strong></span> <span class='ocrx_word' id='word_1_46' title='bbox 217 550 426 579; x_wconf 87' lang='lat' dir='ltr'><strong>squamosus.</strong></span> 
     </span>
    </p>

    <p class='ocr_par' dir='ltr' id='par_1_3' title="bbox 161 603 1980 713">
     <span class='ocr_line' id='line_1_7' title="bbox 239 603 1980 648; baseline 0.002 -13"><span class='ocrx_word' id='word_1_47' title='bbox 239 607 401 636; x_wconf 68' lang='lat' dir='ltr'><strong>LniAncK</strong></span> <span class='ocrx_word' id='word_1_48' title='bbox 422 604 630 635; x_wconf 86' lang='lat' dir='ltr'><strong>holothurias</strong></span> <span class='ocrx_word' id='word_1_49' title='bbox 662 604 694 633; x_wconf 88' lang='lat' dir='ltr'><strong>in</strong></span> <span class='ocrx_word' id='word_1_50' title='bbox 723 604 791 634; x_wconf 87' lang='lat' dir='ltr'><strong>(luo</strong></span> <span class='ocrx_word' id='word_1_51' title='bbox 814 603 938 634; x_wconf 80' lang='lat' dir='ltr'>dirimit</span> <span class='ocrx_word' id='word_1_52' title='bbox 965 615 1105 645; x_wconf 80' lang='lat' dir='ltr'><strong>genera,</strong></span> <span class='ocrx_word' id='word_1_53' title='bbox 1133 605 1167 634; x_wconf 89' lang='lat' dir='ltr'><strong>in</strong></span> <span class='ocrx_word' id='word_1_54' title='bbox 1192 605 1367 636; x_wconf 82' lang='lat' dir='ltr'><strong>fistularias</strong></span> <span class='ocrx_word' id='word_1_55' title='bbox 1388 617 1524 648; x_wconf 86' lang='lat' dir='ltr'><strong>nempe,</strong></span> <span class='ocrx_word' id='word_1_56' title='bbox 1557 618 1699 647; x_wconf 85' lang='lat' dir='ltr'><strong>quarum</strong></span> <span class='ocrx_word' id='word_1_57' title='bbox 1724 609 1887 638; x_wconf 84' lang='lat' dir='ltr'><strong>tentacula</strong></span> <span class='ocrx_word' id='word_1_58' title='bbox 1911 610 1980 648; x_wconf 90' lang='lat' dir='ltr'><strong>pel-</strong></span> 
     </span>
     <span class='ocr_line' id='line_1_8' title="bbox 161 656 1810 713; baseline 0.002 -12"><span class='ocrx_word' id='word_1_59' title='bbox 161 675 222 701; x_wconf 84' lang='lat' dir='ltr'><strong>tata</strong></span> <span class='ocrx_word' id='word_1_60' title='bbox 246 677 275 701; x_wconf 85' lang='lat' dir='ltr'><strong>et</strong></span> <span class='ocrx_word' id='word_1_61' title='bbox 298 671 332 701; x_wconf 90' lang='lat' dir='ltr'><strong>in</strong></span> <span class='ocrx_word' id='word_1_62' title='bbox 354 669 565 708; x_wconf 85' lang='lat' dir='ltr'><strong>holothuria,</strong></span> <span class='ocrx_word' id='word_1_63' title='bbox 587 679 728 708; x_wconf 89' lang='lat' dir='ltr'><strong>quarum</strong></span> <span class='ocrx_word' id='word_1_64' title='bbox 752 671 916 700; x_wconf 84' lang='lat' dir='ltr'><strong>tentacula</strong></span> <span class='ocrx_word' id='word_1_65' title='bbox 938 670 1115 699; x_wconf 73' lang='lat' dir='ltr'><strong>lateraliter</strong></span> <span class='ocrx_word' id='word_1_66' title='bbox 1133 670 1251 709; x_wconf 85' lang='lat' dir='ltr'><strong>ineisa,</strong></span> <span class='ocrx_word' id='word_1_67' title='bbox 1273 656 1468 702; x_wconf 77' lang='lat' dir='ltr'><strong>subi-amosa</strong></span> <span class='ocrx_word' id='word_1_68' title='bbox 1490 678 1545 703; x_wconf 87' lang='lat' dir='ltr'><strong>aut</strong></span> <span class='ocrx_word' id='word_1_69' title='bbox 1567 673 1702 713; x_wconf 85' lang='lat' dir='ltr'><strong>pinnata</strong></span> <span class='ocrx_word' id='word_1_70' title='bbox 1724 679 1810 704; x_wconf 90' lang='lat' dir='ltr'><strong>sunt.</strong></span> 
     </span>
    </p>

    <p class='ocr_par' dir='ltr' id='par_1_4' title="bbox 154 735 1983 1563">
     <span class='ocr_line' id='line_1_9' title="bbox 238 735 1979 780; baseline 0.002 -14"><span class='ocrx_word' id='word_1_71' title='bbox 238 738 385 775; x_wconf 68' lang='lat' dir='ltr'><strong>Cuvnzn,</strong></span> <span class='ocrx_word' id='word_1_72' title='bbox 423 735 565 773; x_wconf 88' lang='lat' dir='ltr'><strong>quadam</strong></span> <span class='ocrx_word' id='word_1_73' title='bbox 588 744 625 764; x_wconf 89' lang='lat' dir='ltr'><strong>ex</strong></span> <span class='ocrx_word' id='word_1_74' title='bbox 650 739 743 774; x_wconf 90' lang='lat' dir='ltr'><strong>parte</strong></span> <span class='ocrx_word' id='word_1_75' title='bbox 764 736 945 765; x_wconf 85' lang='lat' dir='ltr'><strong>secundum</strong></span> <span class='ocrx_word' id='word_1_76' title='bbox 968 736 1079 774; x_wconf 80' lang='lat' dir='ltr'><strong>Oken,</strong></span> <span class='ocrx_word' id='word_1_77' title='bbox 1107 736 1316 766; x_wconf 76' lang='lat' dir='ltr'><strong>ltolotburias</strong></span> <span class='ocrx_word' id='word_1_78' title='bbox 1338 748 1377 767; x_wconf 77' lang='lat' dir='ltr'><strong>ex</strong></span> <span class='ocrx_word' id='word_1_79' title='bbox 1400 740 1523 777; x_wconf 87' lang='lat' dir='ltr'><strong>pedum</strong></span> <span class='ocrx_word' id='word_1_80' title='bbox 1546 739 1580 769; x_wconf 86' lang='lat' dir='ltr'><strong>in</strong></span> <span class='ocrx_word' id='word_1_81' title='bbox 1602 739 1719 780; x_wconf 81' lang='lat' dir='ltr'><strong>primis</strong></span> <span class='ocrx_word' id='word_1_82' title='bbox 1743 740 1979 771; x_wconf 64' lang='lat' dir='ltr'>distributione</span> 
     </span>
     <span class='ocr_line' id='line_1_10' title="bbox 157 800 1980 845; baseline 0.002 -13"><span class='ocrx_word' id='word_1_83' title='bbox 157 802 191 832; x_wconf 91' lang='lat' dir='ltr'><strong>in</strong></span> <span class='ocrx_word' id='word_1_84' title='bbox 218 804 314 832; x_wconf 87' lang='lat' dir='ltr'><strong>hasce</strong></span> <span class='ocrx_word' id='word_1_85' title='bbox 338 805 354 832; x_wconf 85' lang='lat'><strong>6</strong></span> <span class='ocrx_word' id='word_1_86' title='bbox 377 800 493 830; x_wconf 70' lang='lat' dir='ltr'><strong>dividit</strong></span> <span class='ocrx_word' id='word_1_87' title='bbox 524 800 640 833; x_wconf 85' lang='lat' dir='ltr'><strong>tribus.</strong></span> <span class='ocrx_word' id='word_1_88' title='bbox 691 800 784 832; x_wconf 88' lang='lat' dir='ltr'><strong>Trib.</strong></span> <span class='ocrx_word' id='word_1_89' title='bbox 821 805 850 836; x_wconf 77' lang='grc' dir='ltr'><strong>ι)</strong></span> <span class='ocrx_word' id='word_1_90' title='bbox 874 802 978 830; x_wconf 84' lang='lat' dir='ltr'><strong>Pedes</strong></span> <span class='ocrx_word' id='word_1_91' title='bbox 1010 801 1045 830; x_wconf 89' lang='lat' dir='ltr'><strong>in</strong></span> <span class='ocrx_word' id='word_1_92' title='bbox 1075 801 1196 831; x_wconf 77' lang='lat' dir='ltr'><strong>ventris</strong></span> <span class='ocrx_word' id='word_1_93' title='bbox 1224 808 1317 842; x_wconf 90' lang='lat' dir='ltr'><strong>parte</strong></span> <span class='ocrx_word' id='word_1_94' title='bbox 1345 803 1472 844; x_wconf 74' lang='lat' dir='ltr'><strong>media,</strong></span> <span class='ocrx_word' id='word_1_95' title='bbox 1505 815 1591 843; x_wconf 91' lang='lat' dir='ltr'><strong>quae</strong></span> <span class='ocrx_word' id='word_1_96' title='bbox 1621 805 1810 835; x_wconf 85' lang='lat' dir='ltr'><strong>molliorem</strong></span> <span class='ocrx_word' id='word_1_97' title='bbox 1844 807 1980 845; x_wconf 72' lang='lat' dir='ltr'><strong>praebet</strong></span> 
     </span>
     <span class='ocr_line' id='line_1_11' title="bbox 156 865 1978 909; baseline 0.002 -12"><span class='ocrx_word' id='word_1_98' title='bbox 156 868 298 905; x_wconf 82' lang='lat' dir='ltr'><strong>discum,</strong></span> <span class='ocrx_word' id='word_1_99' title='bbox 327 867 379 896; x_wconf 88' lang='lat' dir='ltr'><strong>vcl</strong></span> <span class='ocrx_word' id='word_1_100' title='bbox 402 867 570 906; x_wconf 78' lang='lat' dir='ltr'><strong>plantam,</strong></span> <span class='ocrx_word' id='word_1_101' title='bbox 593 876 659 905; x_wconf 88' lang='lat' dir='ltr'><strong>qua</strong></span> <span class='ocrx_word' id='word_1_102' title='bbox 681 865 803 896; x_wconf 85' lang='lat' dir='ltr'><strong>animal</strong></span> <span class='ocrx_word' id='word_1_103' title='bbox 827 866 930 906; x_wconf 83' lang='lat' dir='ltr'><strong>repit,</strong></span> <span class='ocrx_word' id='word_1_104' title='bbox 956 872 1092 905; x_wconf 89' lang='lat' dir='ltr'><strong>utraque</strong></span> <span class='ocrx_word' id='word_1_105' title='bbox 1115 868 1338 907; x_wconf 80' lang='lat' dir='ltr'><strong>extremitate,</strong></span> <span class='ocrx_word' id='word_1_106' title='bbox 1361 869 1479 909; x_wconf 73' lang='lat' dir='ltr'><strong>(capite</strong></span> <span class='ocrx_word' id='word_1_107' title='bbox 1502 875 1532 900; x_wconf 89' lang='lat' dir='ltr'><strong>et</strong></span> <span class='ocrx_word' id='word_1_108' title='bbox 1553 878 1631 907; x_wconf 83' lang='lat' dir='ltr'><strong>ano)</strong></span> <span class='ocrx_word' id='word_1_109' title='bbox 1653 870 1685 899; x_wconf 89' lang='lat' dir='ltr'><strong>in</strong></span> <span class='ocrx_word' id='word_1_110' title='bbox 1710 871 1812 900; x_wconf 84' lang='lat' dir='ltr'><strong>altum</strong></span> <span class='ocrx_word' id='word_1_111' title='bbox 1836 872 1978 901; x_wconf 77' lang='lat' dir='ltr'><strong>sublata.</strong></span> 
     </span>
     <span class='ocr_line' id='line_1_12' title="bbox 156 931 1982 976; baseline 0.002 -13"><span class='ocrx_word' id='word_1_112' title='bbox 156 933 326 964; x_wconf 84' lang='lat' dir='ltr'><strong>Posterior</strong></span> <span class='ocrx_word' id='word_1_113' title='bbox 347 931 501 972; x_wconf 83' lang='lat' dir='ltr'><strong>inprimis</strong></span> <span class='ocrx_word' id='word_1_114' title='bbox 522 937 689 962; x_wconf 86' lang='lat' dir='ltr'><strong>attenuata</strong></span> <span class='ocrx_word' id='word_1_115' title='bbox 711 937 758 962; x_wconf 88' lang='lat' dir='ltr'><strong>est</strong></span> <span class='ocrx_word' id='word_1_116' title='bbox 782 932 982 962; x_wconf 79' lang='lat' dir='ltr'><strong>extremitas.</strong></span> <span class='ocrx_word' id='word_1_117' title='bbox 1027 933 1207 963; x_wconf 80' lang='lat' dir='ltr'><strong>&#39;l&#39;entaeula</strong></span> <span class='ocrx_word' id='word_1_118' title='bbox 1232 933 1394 964; x_wconf 76' lang='lat' dir='ltr'><strong>maxima:</strong></span> <span class='ocrx_word' id='word_1_119' title='bbox 1420 936 1460 966; x_wconf 91' lang='lat' dir='ltr'><strong>H.</strong></span> <span class='ocrx_word' id='word_1_120' title='bbox 1478 940 1655 976; x_wconf 85' lang='lat' dir='ltr'><strong>pantapus.</strong></span> <span class='ocrx_word' id='word_1_121' title='bbox 1699 936 1792 967; x_wconf 89' lang='lat' dir='ltr'><strong>Trib.</strong></span> <span class='ocrx_word' id='word_1_122' title='bbox 1820 939 1851 975; x_wconf 81' lang='lat'><strong>2)</strong></span> <span class='ocrx_word' id='word_1_123' title='bbox 1875 939 1982 967; x_wconf 85' lang='lat' dir='ltr'><strong>Omne</strong></span> 
     </span>
     <span class='ocr_line' id='line_1_13' title="bbox 155 998 1982 1042; baseline 0.002 -14"><span class='ocrx_word' id='word_1_124' title='bbox 155 998 293 1028; x_wconf 83' lang='lat' dir='ltr'><strong>inferius</strong></span> <span class='ocrx_word' id='word_1_125' title='bbox 316 999 401 1028; x_wconf 86' lang='lat' dir='ltr'><strong>latus</strong></span> <span class='ocrx_word' id='word_1_126' title='bbox 423 998 563 1038; x_wconf 86' lang='lat' dir='ltr'><strong>planum</strong></span> <span class='ocrx_word' id='word_1_127' title='bbox 588 1003 618 1028; x_wconf 89' lang='lat' dir='ltr'><strong>et</strong></span> <span class='ocrx_word' id='word_1_128' title='bbox 642 999 761 1037; x_wconf 85' lang='lat' dir='ltr'><strong>molle,</strong></span> <span class='ocrx_word' id='word_1_129' title='bbox 791 999 913 1037; x_wconf 84' lang='lat' dir='ltr'><strong>pedum</strong></span> <span class='ocrx_word' id='word_1_130' title='bbox 938 998 1151 1028; x_wconf 86' lang='lat' dir='ltr'><strong>multitudine</strong></span> <span class='ocrx_word' id='word_1_131' title='bbox 1174 998 1339 1038; x_wconf 82' lang='lat' dir='ltr'><strong>obsitum,</strong></span> <span class='ocrx_word' id='word_1_132' title='bbox 1374 1000 1458 1029; x_wconf 84' lang='lat' dir='ltr'><strong>latus</strong></span> <span class='ocrx_word' id='word_1_133' title='bbox 1480 1007 1589 1031; x_wconf 87' lang='lat' dir='ltr'><strong>autem</strong></span> <span class='ocrx_word' id='word_1_134' title='bbox 1611 1002 1764 1042; x_wconf 82' lang='lat' dir='ltr'><strong>superius</strong></span> <span class='ocrx_word' id='word_1_135' title='bbox 1786 1012 1982 1042; x_wconf 65' lang='lat' dir='ltr'><strong>convexum.</strong></span> 
     </span>
     <span class='ocr_line' id='line_1_14' title="bbox 156 1063 1979 1107; baseline 0.002 -13"><span class='ocrx_word' id='word_1_136' title='bbox 156 1063 303 1102; x_wconf 83' lang='lat' dir='ltr'><strong>squamis</strong></span> <span class='ocrx_word' id='word_1_137' title='bbox 328 1063 430 1094; x_wconf 89' lang='lat' dir='ltr'><strong>osseis</strong></span> <span class='ocrx_word' id='word_1_138' title='bbox 453 1063 585 1103; x_wconf 84' lang='lat' dir='ltr'><strong>nixum,</strong></span> <span class='ocrx_word' id='word_1_139' title='bbox 609 1064 795 1094; x_wconf 76' lang='lat' dir='ltr'><strong>extremitas</strong></span> <span class='ocrx_word' id='word_1_140' title='bbox 818 1064 963 1095; x_wconf 82' lang='lat' dir='ltr'><strong>anterior</strong></span> <span class='ocrx_word' id='word_1_141' title='bbox 986 1064 1213 1104; x_wconf 83' lang='lat' dir='ltr'><strong>perforatione</strong></span> <span class='ocrx_word' id='word_1_142' title='bbox 1237 1064 1303 1094; x_wconf 84' lang='lat' dir='ltr'><strong>oris</strong></span> <span class='ocrx_word' id='word_1_143' title='bbox 1326 1065 1455 1095; x_wconf 86' lang='lat' dir='ltr'><strong>stellata</strong></span> <span class='ocrx_word' id='word_1_144' title='bbox 1477 1067 1638 1106; x_wconf 86' lang='lat' dir='ltr'><strong>praedita,</strong></span> <span class='ocrx_word' id='word_1_145' title='bbox 1670 1078 1709 1098; x_wconf 81' lang='lat' dir='ltr'><strong>ex</strong></span> <span class='ocrx_word' id='word_1_146' title='bbox 1732 1079 1797 1107; x_wconf 87' lang='lat' dir='ltr'><strong>qua</strong></span> <span class='ocrx_word' id='word_1_147' title='bbox 1820 1071 1979 1099; x_wconf 73' lang='lat' dir='ltr'><strong>tentacula</strong></span> 
     </span>
     <span class='ocr_line' id='line_1_15' title="bbox 154 1128 1980 1171; baseline 0.002 -12"><span class='ocrx_word' id='word_1_148' title='bbox 154 1135 293 1167; x_wconf 67' lang='lat' dir='ltr'><strong>exeunt,</strong></span> <span class='ocrx_word' id='word_1_149' title='bbox 318 1128 351 1158; x_wconf 92' lang='lat' dir='ltr'><strong>in</strong></span> <span class='ocrx_word' id='word_1_150' title='bbox 375 1134 467 1169; x_wconf 88' lang='lat' dir='ltr'><strong>parte</strong></span> <span class='ocrx_word' id='word_1_151' title='bbox 489 1129 674 1169; x_wconf 84' lang='lat' dir='ltr'><strong>posteriore</strong></span> <span class='ocrx_word' id='word_1_152' title='bbox 698 1130 839 1158; x_wconf 79' lang='lat' dir='ltr'><strong>rotunda</strong></span> <span class='ocrx_word' id='word_1_153' title='bbox 865 1135 911 1159; x_wconf 89' lang='lat' dir='ltr'><strong>est</strong></span> <span class='ocrx_word' id='word_1_154' title='bbox 933 1129 987 1160; x_wconf 89' lang='lat' dir='ltr'><strong>ani</strong></span> <span class='ocrx_word' id='word_1_155' title='bbox 1012 1129 1206 1169; x_wconf 84' lang='lat' dir='ltr'><strong>perforatio.</strong></span> <span class='ocrx_word' id='word_1_156' title='bbox 1250 1131 1309 1162; x_wconf 88' lang='lat' dir='ltr'><strong>His</strong></span> <span class='ocrx_word' id='word_1_157' title='bbox 1334 1131 1490 1161; x_wconf 78' lang='lat' dir='ltr'><strong>adscribit</strong></span> <span class='ocrx_word' id='word_1_158' title='bbox 1513 1131 1634 1161; x_wconf 81' lang='lat' dir='ltr'><strong>Cuvier</strong></span> <span class='ocrx_word' id='word_1_159' title='bbox 1659 1135 1699 1162; x_wconf 83' lang='lat' dir='ltr'><strong>H.</strong></span> <span class='ocrx_word' id='word_1_160' title='bbox 1721 1141 1926 1171; x_wconf 83' lang='lat' dir='ltr'><strong>squamatam</strong></span> <span class='ocrx_word' id='word_1_161' title='bbox 1952 1142 1980 1163; x_wconf 84' lang='lat' dir='ltr'><strong>‹·t</strong></span> 
     </span>
     <span class='ocr_line' id='line_1_16' title="bbox 158 1194 1982 1237; baseline 0.003 -13"><span class='ocrx_word' id='word_1_162' title='bbox 158 1195 299 1225; x_wconf 86' lang='lat' dir='ltr'><strong>marium</strong></span> <span class='ocrx_word' id='word_1_163' title='bbox 322 1195 520 1225; x_wconf 83' lang='lat' dir='ltr'><strong>calidiorum</strong></span> <span class='ocrx_word' id='word_1_164' title='bbox 543 1194 669 1234; x_wconf 83' lang='lat' dir='ltr'><strong>speeies</strong></span> <span class='ocrx_word' id='word_1_165' title='bbox 698 1197 854 1233; x_wconf 67' lang='lat' dir='ltr'><strong>quasdam</strong></span> <span class='ocrx_word' id='word_1_166' title='bbox 879 1195 1036 1234; x_wconf 84' lang='lat' dir='ltr'><strong>maiores,</strong></span> <span class='ocrx_word' id='word_1_167' title='bbox 1066 1206 1147 1234; x_wconf 88' lang='lat' dir='ltr'><strong>quas</strong></span> <span class='ocrx_word' id='word_1_168' title='bbox 1171 1194 1282 1227; x_wconf 75' lang='grc' dir='ltr'>Ρέιόιι</span> <span class='ocrx_word' id='word_1_169' title='bbox 1305 1196 1472 1226; x_wconf 77' lang='lat' dir='ltr'><strong>Cuvicrias</strong></span> <span class='ocrx_word' id='word_1_170' title='bbox 1494 1198 1684 1237; x_wconf 83' lang='lat' dir='ltr'><strong>appellavit.</strong></span> <span class='ocrx_word' id='word_1_171' title='bbox 1732 1199 1822 1229; x_wconf 69' lang='lat' dir='ltr'><strong>&#39;rt-ib.</strong></span> <span class='ocrx_word' id='word_1_172' title='bbox 1849 1204 1879 1233; x_wconf 73' lang='lat'><strong>3)</strong></span> <span class='ocrx_word' id='word_1_173' title='bbox 1905 1202 1982 1229; x_wconf 61' lang='lat' dir='ltr'><strong>(Ior-</strong></span> 
     </span>
     <span class='ocr_line' id='line_1_17' title="bbox 156 1261 1983 1302; baseline 0.003 -13"><span class='ocrx_word' id='word_1_174' title='bbox 156 1271 216 1300; x_wconf 90' lang='lat' dir='ltr'><strong>pus</strong></span> <span class='ocrx_word' id='word_1_175' title='bbox 240 1261 510 1301; x_wconf 78' lang='lat' dir='ltr'><strong>cartilaginosum</strong></span> <span class='ocrx_word' id='word_1_176' title='bbox 533 1262 747 1301; x_wconf 82' lang='lat' dir='ltr'><strong>depressum,</strong></span> <span class='ocrx_word' id='word_1_177' title='bbox 780 1261 982 1302; x_wconf 80' lang='lat' dir='ltr'><strong>marginibus</strong></span> <span class='ocrx_word' id='word_1_178' title='bbox 1009 1263 1150 1292; x_wconf 89' lang='lat' dir='ltr'><strong>laterum</strong></span> <span class='ocrx_word' id='word_1_179' title='bbox 1183 1261 1306 1299; x_wconf 84' lang='lat' dir='ltr'><strong>acutis,</strong></span> <span class='ocrx_word' id='word_1_180' title='bbox 1343 1271 1380 1290; x_wconf 88' lang='lat' dir='ltr'><strong>os</strong></span> <span class='ocrx_word' id='word_1_181' title='bbox 1413 1263 1582 1301; x_wconf 78' lang='lat' dir='ltr'><strong>pedesque</strong></span> <span class='ocrx_word' id='word_1_182' title='bbox 1616 1262 1649 1291; x_wconf 91' lang='lat' dir='ltr'><strong>in</strong></span> <span class='ocrx_word' id='word_1_183' title='bbox 1683 1268 1775 1302; x_wconf 86' lang='lat' dir='ltr'><strong>parte</strong></span> <span class='ocrx_word' id='word_1_184' title='bbox 1804 1264 1983 1301; x_wconf 73' lang='lat' dir='ltr'><strong>inferiore7</strong></span> 
     </span>
     <span class='ocr_line' id='line_1_18' title="bbox 155 1325 1982 1369; baseline 0.003 -14"><span class='ocrx_word' id='word_1_185' title='bbox 155 1336 237 1356; x_wconf 88' lang='lat' dir='ltr'><strong>anus</strong></span> <span class='ocrx_word' id='word_1_186' title='bbox 261 1326 294 1355; x_wconf 91' lang='lat' dir='ltr'><strong>in</strong></span> <span class='ocrx_word' id='word_1_187' title='bbox 317 1325 522 1356; x_wconf 77' lang='lat' dir='ltr'><strong>extremitate</strong></span> <span class='ocrx_word' id='word_1_188' title='bbox 545 1326 750 1366; x_wconf 85' lang='lat' dir='ltr'><strong>posteriore:</strong></span> <span class='ocrx_word' id='word_1_189' title='bbox 786 1329 826 1357; x_wconf 81' lang='lat' dir='ltr'><strong>H.</strong></span> <span class='ocrx_word' id='word_1_190' title='bbox 856 1326 975 1368; x_wconf 81' lang='lat' dir='ltr'><strong>regaliS</strong></span> <span class='ocrx_word' id='word_1_191' title='bbox 1007 1328 1224 1364; x_wconf 54' lang='lat' dir='ltr'><strong>[Columnam.</strong></span> <span class='ocrx_word' id='word_1_192' title='bbox 1276 1327 1366 1357; x_wconf 88' lang='lat' dir='ltr'><strong>Trib.</strong></span> <span class='ocrx_word' id='word_1_193' title='bbox 1397 1329 1431 1366; x_wconf 61' lang='lat'><strong>4)</strong></span> <span class='ocrx_word' id='word_1_194' title='bbox 1453 1329 1582 1367; x_wconf 84' lang='lat' dir='ltr'><strong>Corpus</strong></span> <span class='ocrx_word' id='word_1_195' title='bbox 1606 1329 1847 1369; x_wconf 70' lang='lat' dir='ltr'><strong>cylindrieum,</strong></span> <span class='ocrx_word' id='word_1_196' title='bbox 1879 1332 1982 1363; x_wconf 67' lang='lat' dir='ltr'><strong>onnis</strong></span> 
     </span>
     <span class='ocr_line' id='line_1_19' title="bbox 155 1391 1983 1433; baseline 0.003 -13"><span class='ocrx_word' id='word_1_197' title='bbox 155 1391 296 1421; x_wconf 84' lang='lat' dir='ltr'><strong>inferior</strong></span> <span class='ocrx_word' id='word_1_198' title='bbox 317 1401 393 1431; x_wconf 88' lang='lat' dir='ltr'><strong>pars</strong></span> <span class='ocrx_word' id='word_1_199' title='bbox 416 1392 558 1431; x_wconf 81' lang='lat' dir='ltr'><strong>pedibus</strong></span> <span class='ocrx_word' id='word_1_200' title='bbox 582 1392 708 1432; x_wconf 85' lang='lat' dir='ltr'><strong>obsita,</strong></span> <span class='ocrx_word' id='word_1_201' title='bbox 738 1398 766 1422; x_wconf 93' lang='lat' dir='ltr'><strong>et</strong></span> <span class='ocrx_word' id='word_1_202' title='bbox 791 1399 897 1423; x_wconf 83' lang='lat' dir='ltr'><strong>cetera</strong></span> <span class='ocrx_word' id='word_1_203' title='bbox 919 1392 1111 1432; x_wconf 81' lang='lat' dir='ltr'><strong>superficies</strong></span> <span class='ocrx_word' id='word_1_204' title='bbox 1134 1393 1225 1423; x_wconf 76' lang='lat' dir='ltr'><strong>vario</strong></span> <span class='ocrx_word' id='word_1_205' title='bbox 1249 1395 1350 1423; x_wconf 89' lang='lat' dir='ltr'><strong>modo</strong></span> <span class='ocrx_word' id='word_1_206' title='bbox 1374 1393 1560 1433; x_wconf 87' lang='lat' dir='ltr'><strong>papillosa:</strong></span> <span class='ocrx_word' id='word_1_207' title='bbox 1594 1396 1637 1424; x_wconf 84' lang='grc' dir='ltr'><strong>Η.</strong></span> <span class='ocrx_word' id='word_1_208' title='bbox 1660 1397 1808 1426; x_wconf 85' lang='lat' dir='ltr'><strong>tremula.</strong></span> <span class='ocrx_word' id='word_1_209' title='bbox 1853 1398 1893 1428; x_wconf 81' lang='lat' dir='ltr'><strong>H.</strong></span> <span class='ocrx_word' id='word_1_210' title='bbox 1918 1398 1983 1426; x_wconf 78' lang='lat' dir='ltr'><strong>cle-</strong></span> 
     </span>
     <span class='ocr_line' id='line_1_20' title="bbox 155 1457 1980 1499; baseline 0.004 -14"><span class='ocrx_word' id='word_1_211' title='bbox 155 1467 250 1497; x_wconf 76' lang='lat' dir='ltr'><strong>gans.</strong></span> <span class='ocrx_word' id='word_1_212' title='bbox 292 1457 381 1489; x_wconf 84' lang='lat' dir='ltr'><strong>Trib.</strong></span> <span class='ocrx_word' id='word_1_213' title='bbox 406 1461 436 1493; x_wconf 78' lang='lat'><strong>5)</strong></span> <span class='ocrx_word' id='word_1_214' title='bbox 461 1459 565 1488; x_wconf 86' lang='lat' dir='ltr'><strong>Pedes</strong></span> <span class='ocrx_word' id='word_1_215' title='bbox 589 1458 622 1488; x_wconf 88' lang='lat' dir='ltr'><strong>in</strong></span> <span class='ocrx_word' id='word_1_216' title='bbox 646 1461 661 1488; x_wconf 83' lang='lat'>5</span> <span class='ocrx_word' id='word_1_217' title='bbox 685 1458 944 1499; x_wconf 83' lang='lat' dir='ltr'><strong>longitudinales</strong></span> <span class='ocrx_word' id='word_1_218' title='bbox 968 1457 1118 1497; x_wconf 83' lang='lat' dir='ltr'><strong>dispositi</strong></span> <span class='ocrx_word' id='word_1_219' title='bbox 1140 1458 1261 1488; x_wconf 84' lang='lat' dir='ltr'><strong>series:</strong></span> <span class='ocrx_word' id='word_1_220' title='bbox 1301 1459 1527 1489; x_wconf 81' lang='lat' dir='ltr'><strong>Cucumariae.</strong></span> <span class='ocrx_word' id='word_1_221' title='bbox 1586 1460 1679 1490; x_wconf 74' lang='lat' dir='ltr'><strong>&#39;srib-</strong></span> <span class='ocrx_word' id='word_1_222' title='bbox 1703 1464 1733 1497; x_wconf 77' lang='lat'><strong>6)</strong></span> <span class='ocrx_word' id='word_1_223' title='bbox 1757 1462 1980 1492; x_wconf 77' lang='lat' dir='ltr'><strong>Holotburiae</strong></span> 
     </span>
     <span class='ocr_line' id='line_1_21' title="bbox 158 1523 1344 1563; baseline 0.001 -11"><span class='ocrx_word' id='word_1_224' title='bbox 158 1529 227 1552; x_wconf 87' lang='lat' dir='ltr'><strong>toto</strong></span> <span class='ocrx_word' id='word_1_225' title='bbox 250 1523 284 1552; x_wconf 90' lang='lat' dir='ltr'><strong>in</strong></span> <span class='ocrx_word' id='word_1_226' title='bbox 307 1533 449 1563; x_wconf 90' lang='lat' dir='ltr'><strong>corpore</strong></span> <span class='ocrx_word' id='word_1_227' title='bbox 470 1524 611 1563; x_wconf 87' lang='lat' dir='ltr'><strong>pedibus</strong></span> <span class='ocrx_word' id='word_1_228' title='bbox 636 1523 782 1554; x_wconf 82' lang='lat' dir='ltr'><strong>obsitae:</strong></span> <span class='ocrx_word' id='word_1_229' title='bbox 805 1525 849 1556; x_wconf 92' lang='lat' dir='ltr'><strong>H.</strong></span> <span class='ocrx_word' id='word_1_230' title='bbox 873 1523 1049 1563; x_wconf 85' lang='lat' dir='ltr'><strong>papillosa.</strong></span> <span class='ocrx_word' id='word_1_231' title='bbox 1093 1526 1135 1553; x_wconf 88' lang='lat' dir='ltr'><strong>H.</strong></span> <span class='ocrx_word' id='word_1_232' title='bbox 1157 1523 1344 1563; x_wconf 83' lang='lat' dir='ltr'><strong>impatiens.</strong></span> 
     </span>
    </p>

    <p class='ocr_par' dir='ltr' id='par_1_5' title="bbox 157 1588 1981 1694">
     <span class='ocr_line' id='line_1_22' title="bbox 237 1588 1981 1634; baseline 0.003 -15"><span class='ocrx_word' id='word_1_233' title='bbox 237 1590 410 1619; x_wconf 58' lang='lat' dir='ltr'><strong>Gornfuss</strong></span> <span class='ocrx_word' id='word_1_234' title='bbox 453 1590 635 1619; x_wconf 88' lang='lat' dir='ltr'><strong>secundum</strong></span> <span class='ocrx_word' id='word_1_235' title='bbox 679 1590 775 1618; x_wconf 89' lang='lat' dir='ltr'><strong>Oken</strong></span> <span class='ocrx_word' id='word_1_236' title='bbox 813 1588 1028 1619; x_wconf 86' lang='lat' dir='ltr'><strong>Holothurias</strong></span> <span class='ocrx_word' id='word_1_237' title='bbox 1068 1588 1203 1628; x_wconf 76' lang='lat' dir='ltr'><strong>dividit,</strong></span> <span class='ocrx_word' id='word_1_238' title='bbox 1238 1590 1501 1620; x_wconf 85' lang='lat' dir='ltr'><strong>subuneulorum</strong></span> <span class='ocrx_word' id='word_1_239' title='bbox 1534 1591 1664 1632; x_wconf 85' lang='lat' dir='ltr'><strong>generis</strong></span> <span class='ocrx_word' id='word_1_240' title='bbox 1697 1593 1772 1623; x_wconf 90' lang='lat' dir='ltr'><strong>loeo</strong></span> <span class='ocrx_word' id='word_1_241' title='bbox 1813 1599 1981 1634; x_wconf 76' lang='lat' dir='ltr'><strong>pentaetas</strong></span> 
     </span>
     <span class='ocr_line' id='line_1_23' title="bbox 157 1654 1140 1694; baseline 0 -10"><span class='ocrx_word' id='word_1_242' title='bbox 157 1665 305 1694; x_wconf 86' lang='lat' dir='ltr'><strong>ponens,</strong></span> <span class='ocrx_word' id='word_1_243' title='bbox 329 1665 413 1694; x_wconf 83' lang='lat' dir='ltr'><strong>quae</strong></span> <span class='ocrx_word' id='word_1_244' title='bbox 436 1665 511 1685; x_wconf 90' lang='lat' dir='ltr'><strong>cum</strong></span> <span class='ocrx_word' id='word_1_245' title='bbox 533 1654 677 1684; x_wconf 91' lang='lat' dir='ltr'><strong>Cuvicrii</strong></span> <span class='ocrx_word' id='word_1_246' title='bbox 700 1654 902 1685; x_wconf 86' lang='lat' dir='ltr'><strong>conveniunt</strong></span> <span class='ocrx_word' id='word_1_247' title='bbox 925 1654 1140 1688; x_wconf 79' lang='lat' dir='ltr'><strong>Cucumariis.</strong></span> 
     </span>
    </p>

    <p class='ocr_par' dir='ltr' id='par_1_6' title="bbox 236 1719 1204 1751">
     <span class='ocr_line' id='line_1_24' title="bbox 236 1719 1204 1751; baseline 0.001 -1"><span class='ocrx_word' id='word_1_248' title='bbox 236 1721 464 1750; x_wconf 70' lang='lat' dir='ltr'><strong>scuwmocssn</strong></span> <span class='ocrx_word' id='word_1_249' title='bbox 488 1720 677 1750; x_wconf 80' lang='lat' dir='ltr'><strong>Lamarckii</strong></span> <span class='ocrx_word' id='word_1_250' title='bbox 697 1726 829 1751; x_wconf 85' lang='lat' dir='ltr'><strong>secutus</strong></span> <span class='ocrx_word' id='word_1_251' title='bbox 851 1726 900 1750; x_wconf 83' lang='lat' dir='ltr'><strong>est</strong></span> <span class='ocrx_word' id='word_1_252' title='bbox 925 1719 1204 1751; x_wconf 88' lang='lat' dir='ltr'><strong>distributionem.</strong></span> 
     </span>
    </p>
   </div>
   <div class='ocr_carea' id='block_1_3' title="bbox 237 1785 1730 1828">
    <p class='ocr_par' dir='ltr' id='par_1_7' title="bbox 237 1785 1730 1828">
     <span class='ocr_line' id='line_1_25' title="bbox 237 1785 1730 1828; baseline 0.001 -12"><span class='ocrx_word' id='word_1_253' title='bbox 237 1787 415 1817; x_wconf 64' lang='lat' dir='ltr'><strong>Escunoiz</strong></span> <span class='ocrx_word' id='word_1_254' title='bbox 437 1785 627 1817; x_wconf 87' lang='lat' dir='ltr'><strong>chirodotas</strong></span> <span class='ocrx_word' id='word_1_255' title='bbox 650 1791 680 1817; x_wconf 88' lang='lat' dir='ltr'><strong>et</strong></span> <span class='ocrx_word' id='word_1_256' title='bbox 702 1791 861 1827; x_wconf 83' lang='lat' dir='ltr'><strong>synaptas</strong></span> <span class='ocrx_word' id='word_1_257' title='bbox 882 1791 916 1816; x_wconf 88' lang='lat' dir='ltr'><strong>ut</strong></span> <span class='ocrx_word' id='word_1_258' title='bbox 938 1796 1059 1826; x_wconf 85' lang='lat' dir='ltr'><strong>genera</strong></span> <span class='ocrx_word' id='word_1_259' title='bbox 1081 1786 1249 1817; x_wconf 86' lang='lat' dir='ltr'><strong>constituit</strong></span> <span class='ocrx_word' id='word_1_260' title='bbox 1271 1797 1290 1817; x_wconf 82' lang='lat' dir='ltr'><strong>a</strong></span> <span class='ocrx_word' id='word_1_261' title='bbox 1311 1787 1512 1818; x_wconf 87' lang='lat' dir='ltr'><strong>holothuriis</strong></span> <span class='ocrx_word' id='word_1_262' title='bbox 1535 1789 1730 1828; x_wconf 85' lang='lat' dir='ltr'><strong>separanda.</strong></span> 
     </span>
    </p>
   </div>
   <div class='ocr_carea' id='block_1_4' title="bbox 155 2015 1985 2651">
    <p class='ocr_par' dir='ltr' id='par_1_8' title="bbox 155 2015 1985 2651">
     <span class='ocr_line' id='line_1_26' title="bbox 236 2015 1981 2057; baseline 0.003 -12"><span class='ocrx_word' id='word_1_263' title='bbox 236 2015 332 2056; x_wconf 79' lang='lat' dir='ltr'><strong>Quod</strong></span> <span class='ocrx_word' id='word_1_264' title='bbox 355 2016 398 2045; x_wconf 89' lang='lat' dir='ltr'><strong>ad</strong></span> <span class='ocrx_word' id='word_1_265' title='bbox 419 2026 531 2046; x_wconf 85' lang='lat' dir='ltr'><strong>meum</strong></span> <span class='ocrx_word' id='word_1_266' title='bbox 554 2016 595 2046; x_wconf 91' lang='lat' dir='ltr'><strong>de</strong></span> <span class='ocrx_word' id='word_1_267' title='bbox 616 2015 668 2046; x_wconf 88' lang='lat' dir='ltr'><strong>his</strong></span> <span class='ocrx_word' id='word_1_268' title='bbox 692 2015 983 2047; x_wconf 84' lang='lat' dir='ltr'><strong>distributionibus</strong></span> <span class='ocrx_word' id='word_1_269' title='bbox 1015 2016 1140 2047; x_wconf 83' lang='lat' dir='ltr'><strong>adtinet</strong></span> <span class='ocrx_word' id='word_1_270' title='bbox 1169 2016 1348 2056; x_wconf 81' lang='lat' dir='ltr'><strong>iudicium,</strong></span> <span class='ocrx_word' id='word_1_271' title='bbox 1379 2016 1563 2047; x_wconf 85' lang='lat' dir='ltr'><strong>Lamarckii</strong></span> <span class='ocrx_word' id='word_1_272' title='bbox 1591 2027 1610 2047; x_wconf 84' lang='lat' dir='ltr'><strong>a</strong></span> <span class='ocrx_word' id='word_1_273' title='bbox 1640 2017 1745 2057; x_wconf 86' lang='lat' dir='ltr'><strong>priori</strong></span> <span class='ocrx_word' id='word_1_274' title='bbox 1768 2018 1981 2050; x_wconf 84' lang='lat' dir='ltr'><strong>reiieicndam</strong></span> 
     </span>
     <span class='ocr_line' id='line_1_27' title="bbox 157 2081 1985 2126; baseline 0.003 -16"><span class='ocrx_word' id='word_1_275' title='bbox 157 2089 227 2110; x_wconf 86' lang='lat' dir='ltr'><strong>esse</strong></span> <span class='ocrx_word' id='word_1_276' title='bbox 250 2091 389 2118; x_wconf 80' lang='lat' dir='ltr'><strong>censeo3</strong></span> <span class='ocrx_word' id='word_1_277' title='bbox 421 2081 575 2122; x_wconf 72' lang='lat' dir='ltr'><strong>graviora</strong></span> <span class='ocrx_word' id='word_1_278' title='bbox 598 2082 686 2112; x_wconf 89' lang='lat' dir='ltr'><strong>enim</strong></span> <span class='ocrx_word' id='word_1_279' title='bbox 708 2083 749 2112; x_wconf 91' lang='lat' dir='ltr'><strong>ab</strong></span> <span class='ocrx_word' id='word_1_280' title='bbox 773 2082 844 2113; x_wconf 88' lang='lat' dir='ltr'><strong>aliis</strong></span> <span class='ocrx_word' id='word_1_281' title='bbox 866 2083 967 2113; x_wconf 86' lang='lat' dir='ltr'><strong>relata</strong></span> <span class='ocrx_word' id='word_1_282' title='bbox 991 2093 1061 2113; x_wconf 85' lang='lat' dir='ltr'><strong>esse</strong></span> <span class='ocrx_word' id='word_1_283' title='bbox 1084 2082 1292 2124; x_wconf 81' lang='lat' dir='ltr'><strong>singularum</strong></span> <span class='ocrx_word' id='word_1_284' title='bbox 1314 2081 1500 2122; x_wconf 82' lang='lat' dir='ltr'><strong>specierum</strong></span> <span class='ocrx_word' id='word_1_285' title='bbox 1528 2082 1737 2122; x_wconf 87' lang='lat' dir='ltr'><strong>discrimina,</strong></span> <span class='ocrx_word' id='word_1_286' title='bbox 1774 2090 1804 2114; x_wconf 91' lang='lat' dir='ltr'><strong>et</strong></span> <span class='ocrx_word' id='word_1_287' title='bbox 1832 2087 1874 2115; x_wconf 92' lang='lat' dir='ltr'><strong>H.</strong></span> <span class='ocrx_word' id='word_1_288' title='bbox 1903 2097 1985 2126; x_wconf 89' lang='lat' dir='ltr'><strong>pen-</strong></span> 
     </span>
     <span class='ocr_line' id='line_1_28' title="bbox 164 2147 1983 2191; baseline 0.003 -15"><span class='ocrx_word' id='word_1_289' title='bbox 164 2151 301 2185; x_wconf 76' lang='lat' dir='ltr'><strong>tactam,</strong></span> <span class='ocrx_word' id='word_1_290' title='bbox 331 2147 494 2187; x_wconf 79' lang='lat' dir='ltr'><strong>vittatam,</strong></span> <span class='ocrx_word' id='word_1_291' title='bbox 516 2153 722 2187; x_wconf 83' lang='lat' dir='ltr'><strong>squamatam</strong></span> <span class='ocrx_word' id='word_1_292' title='bbox 747 2148 781 2177; x_wconf 88' lang='lat' dir='ltr'><strong>in</strong></span> <span class='ocrx_word' id='word_1_293' title='bbox 804 2159 908 2178; x_wconf 89' lang='lat' dir='ltr'><strong>unum</strong></span> <span class='ocrx_word' id='word_1_294' title='bbox 930 2148 1021 2179; x_wconf 87' lang='lat' dir='ltr'><strong>reiiei</strong></span> <span class='ocrx_word' id='word_1_295' title='bbox 1043 2159 1148 2190; x_wconf 84' lang='lat' dir='ltr'><strong>genus</strong></span> <span class='ocrx_word' id='word_1_296' title='bbox 1170 2154 1306 2179; x_wconf 86' lang='lat' dir='ltr'><strong>naturae</strong></span> <span class='ocrx_word' id='word_1_297' title='bbox 1327 2159 1395 2179; x_wconf 90' lang='lat' dir='ltr'><strong>non</strong></span> <span class='ocrx_word' id='word_1_298' title='bbox 1418 2159 1604 2191; x_wconf 82' lang='lat' dir='ltr'><strong>congruum</strong></span> <span class='ocrx_word' id='word_1_299' title='bbox 1628 2160 1718 2190; x_wconf 80' lang='lat' dir='ltr'><strong>esse,</strong></span> <span class='ocrx_word' id='word_1_300' title='bbox 1750 2158 1898 2191; x_wconf 77' lang='lat' dir='ltr'><strong>apparet.</strong></span> <span class='ocrx_word' id='word_1_301' title='bbox 1942 2153 1983 2181; x_wconf 72' lang='lat' dir='ltr'><strong>ht</strong></span> 
     </span>
     <span class='ocr_line' id='line_1_29' title="bbox 158 2213 1984 2256; baseline 0.003 -15"><span class='ocrx_word' id='word_1_302' title='bbox 158 2222 290 2250; x_wconf 89' lang='lat' dir='ltr'><strong>quoque</strong></span> <span class='ocrx_word' id='word_1_303' title='bbox 312 2215 621 2252; x_wconf 86' lang='lat' dir='ltr'><strong>reprehendendum</strong></span> <span class='ocrx_word' id='word_1_304' title='bbox 644 2213 728 2244; x_wconf 89' lang='lat' dir='ltr'><strong>mihi</strong></span> <span class='ocrx_word' id='word_1_305' title='bbox 749 2214 895 2254; x_wconf 87' lang='lat' dir='ltr'><strong>videtur,</strong></span> <span class='ocrx_word' id='word_1_306' title='bbox 917 2217 1010 2254; x_wconf 90' lang='lat' dir='ltr'><strong>quod</strong></span> <span class='ocrx_word' id='word_1_307' title='bbox 1032 2225 1101 2245; x_wconf 85' lang='lat' dir='ltr'><strong>non</strong></span> <span class='ocrx_word' id='word_1_308' title='bbox 1118 2216 1197 2249; x_wconf 88' lang='lat' dir='ltr'><strong>Hol.</strong></span> <span class='ocrx_word' id='word_1_309' title='bbox 1214 2215 1346 2246; x_wconf 86' lang='lat' dir='ltr'><strong>vittatae</strong></span> <span class='ocrx_word' id='word_1_310' title='bbox 1367 2215 1506 2254; x_wconf 84' lang='lat' dir='ltr'><strong>aliisque</strong></span> <span class='ocrx_word' id='word_1_311' title='bbox 1529 2215 1675 2246; x_wconf 84' lang='lat' dir='ltr'><strong>eiusdem</strong></span> <span class='ocrx_word' id='word_1_312' title='bbox 1699 2222 1846 2256; x_wconf 82' lang='lat' dir='ltr'><strong>naturae,</strong></span> <span class='ocrx_word' id='word_1_313' title='bbox 1864 2219 1922 2247; x_wconf 84' lang='lat' dir='ltr'><strong>sed</strong></span> <span class='ocrx_word' id='word_1_314' title='bbox 1943 2217 1984 2249; x_wconf 87' lang='lat' dir='ltr'><strong>iis</strong></span> 
     </span>
     <span class='ocr_line' id='line_1_30' title="bbox 158 2277 1981 2322; baseline 0.003 -16"><span class='ocrx_word' id='word_1_315' title='bbox 158 2277 308 2317; x_wconf 89' lang='lat' dir='ltr'><strong>inprimis</strong></span> <span class='ocrx_word' id='word_1_316' title='bbox 341 2279 532 2319; x_wconf 84' lang='lat' dir='ltr'><strong>speciebus,</strong></span> <span class='ocrx_word' id='word_1_317' title='bbox 564 2291 648 2319; x_wconf 86' lang='lat' dir='ltr'><strong>quae</strong></span> <span class='ocrx_word' id='word_1_318' title='bbox 681 2280 808 2320; x_wconf 79' lang='lat' dir='ltr'><strong>primae</strong></span> <span class='ocrx_word' id='word_1_319' title='bbox 840 2286 870 2311; x_wconf 91' lang='lat' dir='ltr'><strong>et</strong></span> <span class='ocrx_word' id='word_1_320' title='bbox 901 2281 967 2311; x_wconf 74' lang='lat' dir='ltr'><strong>iam</strong></span> <span class='ocrx_word' id='word_1_321' title='bbox 1003 2282 1131 2312; x_wconf 86' lang='lat' dir='ltr'><strong>dudum</strong></span> <span class='ocrx_word' id='word_1_322' title='bbox 1160 2281 1439 2313; x_wconf 85' lang='lat' dir='ltr'><strong>Holothnriarum</strong></span> <span class='ocrx_word' id='word_1_323' title='bbox 1459 2281 1592 2313; x_wconf 88' lang='lat' dir='ltr'><strong>nomine</strong></span> <span class='ocrx_word' id='word_1_324' title='bbox 1616 2287 1715 2312; x_wconf 83' lang='lat' dir='ltr'><strong>notae</strong></span> <span class='ocrx_word' id='word_1_325' title='bbox 1745 2288 1775 2312; x_wconf 88' lang='lat' dir='ltr'><strong>et</strong></span> <span class='ocrx_word' id='word_1_326' title='bbox 1799 2283 1981 2322; x_wconf 85' lang='lat' dir='ltr'><strong>descriptae</strong></span> 
     </span>
     <span class='ocr_line' id='line_1_31' title="bbox 158 2344 1981 2389; baseline 0.004 -18"><span class='ocrx_word' id='word_1_327' title='bbox 158 2349 268 2381; x_wconf 84' lang='lat' dir='ltr'><strong>erant,</strong></span> <span class='ocrx_word' id='word_1_328' title='bbox 303 2345 492 2374; x_wconf 85' lang='lat' dir='ltr'><strong>obsoletum</strong></span> <span class='ocrx_word' id='word_1_329' title='bbox 527 2344 612 2374; x_wconf 88' lang='lat' dir='ltr'><strong>illud</strong></span> <span class='ocrx_word' id='word_1_330' title='bbox 641 2344 819 2376; x_wconf 79' lang='lat' dir='ltr'><strong>fistulariae</strong></span> <span class='ocrx_word' id='word_1_331' title='bbox 852 2357 996 2386; x_wconf 89' lang='lat' dir='ltr'><strong>nomen,</strong></span> <span class='ocrx_word' id='word_1_332' title='bbox 1043 2347 1184 2387; x_wconf 86' lang='lat' dir='ltr'><strong>piscium</strong></span> <span class='ocrx_word' id='word_1_333' title='bbox 1216 2354 1385 2387; x_wconf 85' lang='lat' dir='ltr'><strong>praeterea</strong></span> <span class='ocrx_word' id='word_1_334' title='bbox 1418 2348 1549 2378; x_wconf 85' lang='lat' dir='ltr'><strong>cuidam</strong></span> <span class='ocrx_word' id='word_1_335' title='bbox 1581 2347 1695 2389; x_wconf 84' lang='lat' dir='ltr'><strong>generi</strong></span> <span class='ocrx_word' id='word_1_336' title='bbox 1727 2348 1981 2384; x_wconf 59' lang='lat' dir='ltr'><strong>vindicandum„</strong></span> 
     </span>
     <span class='ocr_line' id='line_1_32' title="bbox 157 2408 1980 2451; baseline 0.003 -14"><span class='ocrx_word' id='word_1_337' title='bbox 157 2408 280 2438; x_wconf 87' lang='lat' dir='ltr'><strong>tribuit.</strong></span> <span class='ocrx_word' id='word_1_338' title='bbox 321 2410 417 2439; x_wconf 88' lang='lat' dir='ltr'><strong>Velut</strong></span> <span class='ocrx_word' id='word_1_339' title='bbox 439 2416 691 2451; x_wconf 78' lang='lat' dir='ltr'><strong>argumentum,</strong></span> <span class='ocrx_word' id='word_1_340' title='bbox 725 2423 784 2442; x_wconf 87' lang='lat' dir='ltr'><strong>eur</strong></span> <span class='ocrx_word' id='word_1_341' title='bbox 812 2413 874 2442; x_wconf 84' lang='lat' dir='ltr'><strong>hoe</strong></span> <span class='ocrx_word' id='word_1_342' title='bbox 902 2414 1141 2443; x_wconf 85' lang='lat' dir='ltr'><strong>tentaculorum</strong></span> <span class='ocrx_word' id='word_1_343' title='bbox 1164 2413 1341 2443; x_wconf 86' lang='lat' dir='ltr'><strong>discrimen</strong></span> <span class='ocrx_word' id='word_1_344' title='bbox 1363 2413 1504 2444; x_wconf 81' lang='lat' dir='ltr'><strong>sufficiat</strong></span> <span class='ocrx_word' id='word_1_345' title='bbox 1533 2415 1576 2443; x_wconf 89' lang='lat' dir='ltr'><strong>ad</strong></span> <span class='ocrx_word' id='word_1_346' title='bbox 1604 2413 1790 2443; x_wconf 83' lang='lat' dir='ltr'><strong>dirimenda</strong></span> <span class='ocrx_word' id='word_1_347' title='bbox 1823 2424 1881 2443; x_wconf 85' lang='lat' dir='ltr'><strong>sua</strong></span> <span class='ocrx_word' id='word_1_348' title='bbox 1912 2415 1980 2443; x_wconf 75' lang='lat' dir='ltr'><strong>‹lm›</strong></span> 
     </span>
     <span class='ocr_line' id='line_1_33' title="bbox 155 2474 1981 2517; baseline 0.004 -15"><span class='ocrx_word' id='word_1_349' title='bbox 155 2485 298 2514; x_wconf 79' lang='lat' dir='ltr'><strong>genera,</strong></span> <span class='ocrx_word' id='word_1_350' title='bbox 327 2474 390 2504; x_wconf 79' lang='lat' dir='ltr'><strong>iam</strong></span> <span class='ocrx_word' id='word_1_351' title='bbox 414 2477 592 2514; x_wconf 86' lang='lat' dir='ltr'><strong>permultas</strong></span> <span class='ocrx_word' id='word_1_352' title='bbox 616 2477 712 2507; x_wconf 86' lang='lat' dir='ltr'><strong>nobis</strong></span> <span class='ocrx_word' id='word_1_353' title='bbox 736 2483 830 2507; x_wconf 87' lang='lat' dir='ltr'><strong>notas</strong></span> <span class='ocrx_word' id='word_1_354' title='bbox 853 2488 923 2508; x_wconf 87' lang='lat' dir='ltr'><strong>esse</strong></span> <span class='ocrx_word' id='word_1_355' title='bbox 953 2479 1163 2508; x_wconf 81' lang='lat' dir='ltr'><strong>holothurias</strong></span> <span class='ocrx_word' id='word_1_356' title='bbox 1185 2476 1291 2510; x_wconf 79' lang='lat' dir='ltr'><strong>affert.</strong></span> <span class='ocrx_word' id='word_1_357' title='bbox 1334 2480 1440 2517; x_wconf 88' lang='lat' dir='ltr'><strong>Atque</strong></span> <span class='ocrx_word' id='word_1_358' title='bbox 1464 2479 1592 2509; x_wconf 77' lang='lat' dir='ltr'><strong>etiamsi</strong></span> <span class='ocrx_word' id='word_1_359' title='bbox 1615 2490 1682 2508; x_wconf 88' lang='lat' dir='ltr'><strong>non</strong></span> <span class='ocrx_word' id='word_1_360' title='bbox 1710 2479 1743 2508; x_wconf 87' lang='lat' dir='ltr'><strong>in</strong></span> <span class='ocrx_word' id='word_1_361' title='bbox 1768 2486 1883 2510; x_wconf 85' lang='lat' dir='ltr'><strong>natura</strong></span> <span class='ocrx_word' id='word_1_362' title='bbox 1906 2481 1981 2510; x_wconf 72' lang='lat' dir='ltr'><strong>data</strong></span> 
     </span>
     <span class='ocr_line' id='line_1_34' title="bbox 159 2542 1980 2584; baseline 0.003 -14"><span class='ocrx_word' id='word_1_363' title='bbox 159 2550 229 2570; x_wconf 76' lang='lat' dir='ltr'><strong>csse</strong></span> <span class='ocrx_word' id='word_1_364' title='bbox 253 2546 362 2569; x_wconf 82' lang='lat' dir='ltr'><strong>nostra</strong></span> <span class='ocrx_word' id='word_1_365' title='bbox 386 2550 521 2580; x_wconf 83' lang='lat' dir='ltr'><strong>genera,</strong></span> <span class='ocrx_word' id='word_1_366' title='bbox 546 2542 604 2570; x_wconf 83' lang='lat' dir='ltr'><strong>sed</strong></span> <span class='ocrx_word' id='word_1_367' title='bbox 627 2543 667 2572; x_wconf 81' lang='lat' dir='ltr'><strong>ab</strong></span> <span class='ocrx_word' id='word_1_368' title='bbox 690 2543 880 2573; x_wconf 86' lang='lat' dir='ltr'><strong>hominibus</strong></span> <span class='ocrx_word' id='word_1_369' title='bbox 904 2550 1039 2573; x_wconf 81' lang='lat' dir='ltr'><strong>naturae</strong></span> <span class='ocrx_word' id='word_1_370' title='bbox 1060 2544 1217 2584; x_wconf 88' lang='lat' dir='ltr'><strong>imposita</strong></span> <span class='ocrx_word' id='word_1_371' title='bbox 1240 2545 1325 2575; x_wconf 82' lang='lat' dir='ltr'><strong>dicat</strong></span> <span class='ocrx_word' id='word_1_372' title='bbox 1347 2545 1481 2584; x_wconf 75' lang='lat' dir='ltr'><strong>aliquis,</strong></span> <span class='ocrx_word' id='word_1_373' title='bbox 1511 2551 1596 2574; x_wconf 81' lang='lat' dir='ltr'><strong>certe</strong></span> <span class='ocrx_word' id='word_1_374' title='bbox 1618 2544 1744 2584; x_wconf 85' lang='lat' dir='ltr'><strong>speeies</strong></span> <span class='ocrx_word' id='word_1_375' title='bbox 1769 2545 1802 2574; x_wconf 89' lang='lat' dir='ltr'><strong>in</strong></span> <span class='ocrx_word' id='word_1_376' title='bbox 1826 2546 1980 2576; x_wconf 85' lang='lat' dir='ltr'><strong>omnibus</strong></span> 
     </span>
     <span class='ocr_line' id='line_1_35' title="bbox 156 2605 1980 2651; baseline 0.004 -17"><span class='ocrx_word' id='word_1_377' title='bbox 156 2605 365 2646; x_wconf 79' lang='lat' dir='ltr'><strong>gravioribus</strong></span> <span class='ocrx_word' id='word_1_378' title='bbox 388 2605 450 2636; x_wconf 85' lang='lat' dir='ltr'><strong>sibi</strong></span> <span class='ocrx_word' id='word_1_379' title='bbox 474 2605 596 2638; x_wconf 83' lang='lat' dir='ltr'><strong>similes</strong></span> <span class='ocrx_word' id='word_1_380' title='bbox 620 2608 797 2640; x_wconf 81' lang='lat' dir='ltr'><strong>momentis</strong></span> <span class='ocrx_word' id='word_1_381' title='bbox 819 2610 851 2638; x_wconf 82' lang='lat' dir='ltr'><strong>in</strong></span> <span class='ocrx_word' id='word_1_382' title='bbox 874 2608 1003 2640; x_wconf 73' lang='lat' dir='ltr'><strong>diversa</strong></span> <span class='ocrx_word' id='word_1_383' title='bbox 1026 2609 1136 2640; x_wconf 80' lang='lat' dir='ltr'><strong>dirimi</strong></span> <span class='ocrx_word' id='word_1_384' title='bbox 1159 2620 1301 2651; x_wconf 79' lang='lat' dir='ltr'><strong>genera,</strong></span> <span class='ocrx_word' id='word_1_385' title='bbox 1329 2611 1382 2640; x_wconf 67' lang='lat' dir='ltr'><strong>vel</strong></span> <span class='ocrx_word' id='word_1_386' title='bbox 1404 2610 1558 2640; x_wconf 79' lang='lat' dir='ltr'><strong>animalia</strong></span> <span class='ocrx_word' id='word_1_387' title='bbox 1585 2616 1652 2640; x_wconf 82' lang='lat' dir='ltr'><strong>toto</strong></span> <span class='ocrx_word' id='word_1_388' title='bbox 1677 2611 1770 2640; x_wconf 81' lang='lat' dir='ltr'><strong>cocto</strong></span> <span class='ocrx_word' id='word_1_389' title='bbox 1795 2608 1980 2642; x_wconf 79' lang='lat' dir='ltr'><strong>differentia</strong></span> 
     </span>
    </p>
   </div>
   <div class='ocr_carea' id='block_1_5' title="bbox 1369 2669 1388 2690">
    <p class='ocr_par' dir='ltr' id='par_1_9' title="bbox 1369 2669 1388 2690">
     <span class='ocr_line' id='line_1_36' title="bbox 1369 2669 1388 2690; baseline 0 -9"><span class='ocrx_word' id='word_1_390' title='bbox 1369 2669 1388 2690; x_wconf 75' lang='lat' dir='ltr'><strong>s)</strong></span> 
     </span>
    </p>
   </div>
  </div>
 </body>
</html>
