2373 3028
360 210 406 245 15

358 303 460 331 dorso
482 298 693 340 prominens,
728 297 968 329 tentaculorum
993 295 1173 325 circumdat
1196 294 1368 326 circulum.
1412 297 1499 326 Anus
1522 295 1669 335 posticus
1691 302 1721 326 ct
1749 299 1921 336 paululum
1944 308 2096 339 superus,
2130 299 2173 329 ita

360 373 391 396 ut
418 366 450 395 in
472 365 563 395 dorsi
585 366 746 395 crassiore
769 368 799 393 ct
822 361 975 402 opaciore
996 362 1104 390 adhuc
1127 360 1206 391 situs
1229 360 1269 391 sit
1296 360 1375 399 euti,
1406 360 1552 399 quinque
1573 362 1727 392 dentibus
1750 363 1874 402 pallide
1901 364 2018 403 fuscis,
2049 365 2174 405 irregu-

358 432 500 470 laribus,
523 429 710 461 subscabris
732 428 925 458 instructus.
968 426 1104 456 lnlimus
1127 427 1208 457 dens
1230 426 1353 457 ventris
1374 428 1552 466 respondet
1575 427 1683 458 lineae
1706 427 1888 458 medianae.

439 499 485 527 Ex
508 496 616 526 insula
639 495 786 524 Cclebcs.

441 564 547 591 Unam
573 560 639 589 vidi
663 562 679 588 (3
702 558 856 589 dentibus
878 557 1092 593 instructam;
1114 556 1147 586 in
1171 556 1342 586 nonnullis
1365 557 1562 588 retroversio
1587 558 1770 589 ventriculi.

440 629 568 657 Nomen
591 636 629 655 cx
653 624 801 655 dentium
823 622 976 664 analogia
1000 633 1074 652 cum
1098 621 1222 652 echinis
1246 622 1352 652 hausi.

439 720 493 758 Sp.
517 729 544 748 2.
586 716 784 747 Lecanora.
827 715 965 745 Collect.
986 714 1141 745 Schoenl.

439 793 535 824 Pcdis
558 792 657 822 unius
679 790 919 832 longitudinem
952 790 1083 829 assequi
1115 800 1215 831 posse
1246 790 1385 820 videtur.
1436 790 1706 830 Subcylindrica‚
1739 795 1853 822 ventre
1876 791 2042 832 planiore,
2079 792 2180 823 dorso

357 859 568 889 conxexiore.
612 856 804 887 Extremitas
827 855 973 886 anterior
1004 856 1177 896 paululum
1214 861 1379 886 attenuata
1416 861 1475 886 est.
1527 857 1632 887 Pedes
1664 856 1697 886 in
1733 858 1834 887 dorso
1868 867 1967 896 quam
1997 857 2032 887 in
2065 863 2179 888 ventre

360 925 511 955 rariores.
575 925 698 954 Venter
727 921 1012 960 albidocinercus‚
1058 920 1197 950 maculis
1229 926 1259 951 et
1292 921 1424 952 annulis
1455 921 1606 961 inprimis
1637 923 1761 962 pedum
1790 922 1885 953 basin
1905 922 2181 953 circumdantibus

358 989 617 1021 fusco-cinereis
648 992 791 1020 ornatus.
836 986 992 1016 Lineolae
1015 986 1279 1027 suseonigridae,
1315 987 1499 1025 quadi-atim
1529 987 1709 1027 dispositae
1735 987 1770 1017 in
1792 987 1949 1018 lateribus
1972 988 2184 1028 conspiciun-

359 1063 423 1086 tur.
469 1057 612 1085 Dorsum
636 1055 748 1083 colore
771 1049 896 1083 coffeae
917 1052 1045 1082 intense
1068 1051 1162 1081 fusco
1187 1052 1327 1082 obscure
1350 1053 1513 1082 maculato
1536 1054 1671 1094 gaudet.
1716 1052 1808 1083 Circa
1829 1063 1930 1083 anum
1951 1057 2061 1083 autem
2083 1053 2180 1084 etiam

360 1122 391 1150 iu
416 1122 517 1151 dorso
541 1121 635 1150 calor
656 1118 778 1149 ventris
806 1123 837 1148 ct
868 1119 1005 1148 laterum
1037 1116 1249 1157 conspicitur.
1291 1119 1383 1158 Quae
1404 1112 1501 1147 dorsi
1531 1118 1674 1148 colorem
1707 1127 1726 1148 a
1758 1117 1881 1148 ventris
1914 1118 2027 1149 colore
2053 1122 2182 1159 separat

359 1187 462 1222 linea,
496 1185 704 1216 multifariam
733 1184 912 1225 angulosa,
945 1184 1180 1213 nonnullarum
1208 1182 1359 1223 exprimit
1381 1182 1596 1213 Lecidearum
1627 1183 1766 1214 formas.
1818 1183 1858 1212 In
1887 1184 1989 1214 dorso
2013 1184 2180 1223 maculae,

360 1251 625 1290 circumscriptae
662 1250 877 1280 Lccidearum
906 1247 983 1277 item
1014 1247 1154 1278 imitatae
1184 1248 1308 1278 formas
1337 1247 1603 1294 conspiciuntur?
1635 1247 1858 1289 irregulariter
1885 1249 2084 1290 angulosae,
2106 1249 2186 1279 late-

359 1328 432 1347 rum
463 1317 540 1346 albo
571 1320 601 1345 et
635 1315 800 1345 tessellato
833 1318 967 1343 ornatae
997 1314 1120 1344 colore.
1173 1314 1260 1345 Hine
1293 1314 1371 1344 inde
1404 1324 1469 1343 una
1506 1314 1623 1344 harum
1656 1315 1883 1354 tessellaru1n‚
1910 1314 1945 1344 in
1977 1314 2092 1355 primis
2123 1314 2182 1344 ubi

361 1384 462 1423 podes
485 1381 699 1422 proveniunt,
733 1385 801 1410 tota
827 1379 1048 1420 nigro-suseo
1071 1380 1199 1419 expleta
1223 1385 1269 1410 est
1292 1381 1422 1417 colore,
1445 1379 1537 1418 quod
1559 1380 1748 1409 Lecauorae
1769 1379 2032 1420 geographicae,
2063 1379 2183 1410 atroal-

361 1451 441 1483 bae,
477 1448 657 1478 aliarumve
689 1445 868 1487 imaginem
902 1444 1021 1483 refert,
1050 1446 1140 1474 unde
1169 1444 1251 1474 mihi
1283 1455 1419 1475 nomen.
1461 1445 1505 1474 Os
1537 1443 1701 1483 anticum,
1731 1444 1905 1476 teutaeulis
1935 1456 1972 1476 20
1999 1444 2033 1475 in
2061 1444 2184 1485 duplici

361 1514 446 1544 serie
470 1513 604 1553 positis,
635 1512 765 1552 peltatis
789 1514 959 1550 ornatum,
990 1511 1164 1551 paululum
1187 1509 1339 1541 inferum.
1381 1512 1470 1540 Anus
1491 1510 1663 1549 paululum
1685 1519 1838 1550 superus.

444 1581 489 1609 lix
512 1577 620 1608 insula
644 1578 793 1607 Celebes.

1020 1686 1179 1716 TRIBUS
1201 1688 1219 1718 2
1242 1686 1529 1716 BOHADSCHIA.

445 1767 553 1794 Dorso
576 1774 745 1803 convexo,
778 1767 892 1793 venire
922 1762 1093 1803 planiore,
1126 1762 1192 1793 cuti
1220 1762 1381 1793 coriacea.
1420 1761 1608 1792 Tentaeulis
1634 1772 1670 1792 20
1692 1759 1838 1801 peltatis,
1861 1759 1987 1801 duplici
2009 1759 2179 1801 dispositis

365 1832 461 1861 serie.
505 1833 575 1860 Ano
598 1831 727 1861 stellato
752 1835 955 1870 pentagono.

445 1899 613 1926 structura
635 1897 762 1926 interna
786 1895 1012 1926 Boltadschiae
1036 1899 1065 1924 et
1088 1894 1262 1925 Miillcriae
1284 1904 1301 1924 a
1322 1894 1407 1924 veris
1431 1904 1499 1923 non
1522 1893 1709 1932 discrepant
1735 1891 1960 1931 Holoffiuriis,
1985 1901 2065 1931 quas
2088 1891 2186 1922 ctiam

365 1964 396 1991 iu
424 1963 529 1992 forma
553 1968 684 1992 externa
709 1961 813 2002 magis
837 1972 936 2000 quam
962 1961 1051 1991 Psoli
1080 1964 1110 1991 et
1133 1960 1308 1991 Cm-icriae
1338 1963 1501 1998 aequant,
1523 1961 1581 1989 scd
1604 1958 1659 1989 ani
1681 1957 1787 1987 forma
1811 1957 1935 1987 radiata
1958 1959 2186 1987 Pentactarum

364 2029 530 2066 quandam
555 2026 697 2057 otti-runt
720 2027 921 2067 analogiam.

447 2093 549 2122 liliam
574 2093 669 2123 huius
695 2094 795 2123 tribus
821 2094 931 2122 nullae
954 2093 1064 2121 adhuc
1086 2090 1211 2131 species
1235 2091 1418 2130 descriptae
1441 2101 1512 2121 esse
1536 2090 1700 2120 videntur.

446 2160 526 2187 (lum
565 2159 626 2188 iam
662 2160 716 2188 alii
746 2159 891 2189 virorum
917 2160 957 2188 de
978 2158 1115 2188 historia
1141 2157 1280 2188 naturali
1303 2156 1494 2186 meritorum
1518 2156 1654 2186 nomina
1677 2157 1717 2186 ad
1740 2154 1957 2196 significanda
1973 2154 2186 2183 Holothuria-

368 2234 436 2253 rum
463 2224 647 2263 suhgeucra
671 2225 911 2263 adhibuerunt,
933 2223 1029 2254 etiam
1057 2223 1286 2262 nohadschi0,
1309 2223 1350 2252 de
1376 2221 1652 2251 Holothuriarum
1681 2220 1819 2251 historia
1849 2219 1991 2250 naturali
2023 2219 2186 2249 meritissi-

366 2298 416 2317 u>o
446 2288 498 2317 hic
528 2289 637 2317 locum
674 2289 817 2319 tribucre
840 2289 963 2319 licitum
988 2288 1120 2324 censui‚
1155 2287 1306 2326 quamvis
1329 2287 1362 2316 in
1395 2287 1509 2317 ceteris
1540 2288 1620 2316 haec
1651 2286 1921 2316 nomenclaturae
1952 2284 2034 2314 ratio
2062 2293 2186 2313 memo-

366 2353 432 2383 riae
466 2353 584 2391 otu-ia,
616 2358 646 2383 et
682 2364 699 2383 a
731 2354 830 2395 genio
857 2355 1007 2395 linguae,
1039 2364 1124 2393 quae
1153 2358 1207 2384 aut
1230 2352 1423 2394 phantasiae
1447 2357 1501 2382 aut
1530 2351 1665 2393 ingenio
1689 2350 1866 2391 imaginem
1899 2349 2041 2388 aliquam
2067 2348 2189 2378 obiecti

367 2420 445 2448 dare
468 2419 595 2457 studet,
617 2418 724 2448 aliena
746 2419 827 2449 mihi
850 2430 920 2449 cssc
944 2419 1084 2450 xidctur.

409 2511 463 2550 Sp.
490 2521 515 2541 1.
560 2511 802 2541 Illas-morula.
846 2512 981 2543 Colleet.
1003 2511 1156 2541 Schoenl.

449 2588 544 2622 4-G
575 2585 712 2624 pollices
742 2587 857 2625 longa,
890 2586 1124 2625 subdepnessa,
1157 2589 1270 2616 ventre
1300 2586 1420 2625 plano,
1453 2585 1553 2615 dorso
1584 2591 1751 2622 eonvex0‚
1785 2591 1843 2612 ore
1872 2580 1981 2611 antico
2012 2579 2182 2619 paululum

366 2649 493 2687 inseror
529 2660 592 2679 auo
621 2650 750 2689 postico
780 2653 953 2693 paululum
983 2661 1117 2691 supero.
1172 2652 1317 2682 Dorsum
1347 2649 1607 2680 susc-Ocinereum
1633 2646 1769 2678 maculis
1802 2642 2183 2683 rotundato-angulosis,
