2373 3028
1923 174 1969 208 33

158 266 210 304 (T.
234 275 280 295 21.
305 265 338 294 F.
362 264 404 302 5.)
427 263 496 293 1101.
518 261 718 293 inhaerentis
741 261 910 293 delineans
931 259 1099 300 intestina,
1129 260 1324 301 pulmonem
1346 259 1485 299 omittit,
1513 261 1658 293 Leukai-t
1678 263 1713 294 in
1733 265 1970 298 Tiedemannia

157 340 218 360 sua
240 329 350 359 vittata
371 330 564 368 pulmonem
589 328 727 358 deficere
749 327 901 366 affirmat,
929 331 959 357 et
981 336 1043 368 ego
1066 325 1100 355 in
1120 326 1266 366 Synapta
1289 326 1405 357 Beselii
1426 328 1554 357 nullum
1575 327 1644 357 vidi
1665 330 1871 368 pulmonem.
1911 334 1971 373 Sy-

157 394 264 435 naptis
286 394 384 435 igitur
405 395 520 434 pulmo
549 395 662 424 deesse
687 394 824 423 videtur.
871 393 987 422 Utrum
1009 390 1221 421 Cucumariae
1245 396 1276 420 et
1300 391 1498 423 Chirodotae
1518 393 1679 433 pulmone
1700 394 1877 428 instructae
1898 398 1972 439 sint,

158 460 267 491 adhuc
296 460 448 499 dubium,
480 465 510 490 et
538 459 573 489 in
594 458 782 489 Cliirodotis
812 457 864 487 vix
894 456 1071 488 verisimile
1101 461 1159 488 cst.
1204 457 1243 486 In
1270 457 1421 497 synaptis
1450 459 1612 490 tentacula
1638 460 1739 502 longa
1765 462 1973 502 respirationi

159 525 318 556 insci-xire
340 524 500 566 suspicari
525 523 645 564 possis.

766 633 797 670 §.
825 637 852 663 3.
896 632 1225 662 IN'l'ESTlNORUM
1252 634 1369 664 VASA.

242 713 391 744 Intestini
411 711 578 750 arteriam,
609 710 746 749 eiusque
767 709 992 739 anastoman
1015 709 1099 740 inter
1120 711 1262 751 primam
1285 718 1315 743 et
1337 713 1517 744 secundam
1538 714 1684 746 intestini
1707 720 1849 756 partem,
1871 723 1902 748 et
1924 728 1977 749 ve-

162 789 218 809 nas
241 789 280 809 ex
301 777 466 809 contrario
490 776 637 807 intestini
657 776 761 806 latere
783 775 940 805 oriundas
963 776 1137 805 Bohadsch
1159 776 1351 817 delineavit,
1383 777 1513 809 nescius
1542 779 1624 817 quid
1650 779 1691 810 sit
1720 781 1865 812 muneris
1886 782 1977 814 hisee

161 844 256 874 vasis.
290 843 382 873 Tied.
403 841 673 872 vivisectionibus
695 852 769 871 cum
791 840 946 870 intestino
972 850 1025 870 ras
1049 841 1223 872 decurrere
1245 843 1382 882 aliquod
1405 844 1654 885 demonstravit,
1676 847 1765 884 quod
1787 852 1878 877 motu
1895 858 1979 886 qno-

162 909 235 937 dam
258 906 458 946 peristaltieo
480 906 579 937 simul
601 906 709 937 cordis
730 910 760 936 et
783 905 920 935 arteriae
942 906 1052 935 locum
1076 907 1224 945 expleat3
1255 909 1445 948 sangninem
1474 919 1513 939 ex
1540 910 1602 940 hac
1630 910 1748 941 arteria
1775 911 1809 941 in
1834 912 1979 943 intestini

160 972 299 1012 parietes
321 973 485 1010 delatum,
520 970 555 1000 in
579 971 734 1011 opposito
756 970 901 1001 intestini
924 971 1024 1000 latere
1046 981 1158 1001 rnrsns
1180 971 1214 1001 in
1239 972 1323 1003 vasis
1346 973 1476 1015 colligi,
1507 985 1592 1014 quae
1613 976 1706 1007 venis
1727 979 1869 1019 analoga
1890 978 1970 1017 sint,

161 1044 190 1068 ct
214 1048 251 1068 ex
274 1038 324 1067 1115
347 1037 432 1067 vasis
454 1037 606 1067 arteriam
627 1036 722 1075 qnasi
738 1036 964 1076 pulmonalem
988 1035 1151 1076 originem
1177 1039 1320 1077 trahere,
1340 1039 1531 1080 sanguinem
1553 1040 1587 1070 in
1609 1043 1803 1081 pulmonem
1821 1043 1979 1073 serentem

160 1102 398 1140 intestinalem3
421 1112 505 1140 quae
525 1101 606 1131 mihi
631 1101 769 1141 insignis
793 1101 920 1131 videtur
942 1101 1095 1142 analogia
1116 1112 1191 1132 cum
1216 1103 1387 1133 molluscis
1410 1105 1569 1144 (exceptis
1589 1107 1873 1147 eephalopodiis),
1905 1119 1980 1138 eum

162 1170 242 1198 haee
264 1167 381 1197 arteria
404 1166 614 1204 intestinalis‚
637 1171 671 1195 ut
694 1176 751 1196 eor
773 1167 1023 1205 mollnseorum,
1047 1167 1181 1197 nonnisi
1196 1173 1306 1199 aortae
1322 1168 1440 1199 referat
1456 1170 1686 1202 ventriculum.
1727 1174 1870 1203 Ramum
1885 1173 1980 1203 illum

161 1232 407 1272 'sicdcmarmii,
429 1243 504 1262 enm
530 1231 656 1271 primae
683 1237 712 1261 et
734 1232 897 1261 secundae
921 1232 1064 1262 intestini
1086 1233 1186 1272 partis
1208 1234 1326 1264 arteria
1348 1235 1664 1276 communicantem,
1684 1237 1769 1268 infra
1789 1240 1980 1278 pulmonem

160 1298 379 1328 intestinalem
400 1297 494 1328 sitnm
517 1307 682 1336 nusquam
708 1307 775 1326 non
797 1297 922 1336 inveni,
944 1308 1004 1327 nec
1032 1308 1100 1327 non
1130 1299 1298 1339 duplicem
1327 1301 1602 1331 communicantis
1630 1301 1729 1333 huius
1756 1304 1838 1334 rami
1867 1315 1906 1335 ex
1933 1316 1983 1336 se-

162 1365 288 1394 cundae
316 1363 462 1394 intestini
493 1362 593 1404 partis
623 1362 742 1392 arteria
770 1368 891 1393 ortum.
947 1363 984 1391 In
1014 1364 1222 1394 Bohadschia
1249 1374 1331 1405 argo
1361 1366 1442 1396 haec
1467 1366 1586 1396 arteria
1608 1369 1855 1400 communicans
1878 1371 1981 1401 tribus

165 1428 330 1458 radicibus
357 1433 387 1458 et
412 1438 451 1458 cx
472 1428 573 1468 primi
594 1434 624 1458 et
647 1439 686 1459 ex
707 1429 843 1459 secundi
864 1428 1011 1459 intestini
1033 1428 1135 1458 oritur
1161 1430 1289 1460 arteria.
1332 1431 1556 1472 Hydrargyro
1578 1432 1731 1464 iniectam
1758 1436 1910 1466 arteriam
1934 1437 1983 1467 in-

164 1493 363 1532 testinalem,
385 1493 420 1523 in
444 1493 651 1524 Bohadschia
673 1495 759 1535 Argo
784 1497 800 1525 (3
824 1495 905 1534 poll.
930 1495 1046 1535 longa,
1075 1492 1107 1531 (ᾗ
1131 1493 1237 1524 lineae
1268 1494 1302 1524 in
1325 1495 1486 1527 diametro
1517 1499 1695 1529 habentem
1722 1500 1847 1541 inveni,
1871 1502 1905 1531 in
1933 1513 1984 1533 se-

164 1559 271 1588 ennda
300 1558 444 1588 intestini
474 1564 580 1598 parte,
613 1559 670 1589 ubi
691 1559 848 1589 latissima
871 1565 917 1590 est
939 1561 1020 1590 haee
1041 1558 1169 1589 arteria.
1205 1559 1287 1589 Mihi
1310 1571 1445 1600 quoquc
1467 1568 1501 1592 ut
1523 1563 1761 1596 Tiedemannio
1787 1568 1918 1609 accidit,
1950 1576 1984 1599 nt

163 1624 301 1653 arteriae
322 1623 460 1654 iniectus
483 1624 663 1654 mercurius
688 1625 784 1655 ctiam
812 1625 846 1654 in
873 1625 1106 1655 intestinorum
1135 1635 1213 1655 cava
1240 1626 1388 1657 ferretur.
1429 1628 1528 1668 Quod
1551 1640 1630 1659 vero
1651 1641 1691 1661 ex
1712 1633 1776 1662 hoe
1797 1634 1984 1673 suspicatur

164 1689 236 1727 ille,
266 1690 397 1718 vascula
428 1690 589 1719 nonnulla
612 1689 703 1719 ostiis
725 1690 846 1729 apertis
869 1701 943 1720 enm
966 1689 1112 1719 intestini
1137 1700 1217 1720 earo
1240 1692 1436 1731 cohaerere,
1458 1693 1539 1723 mihi
1561 1705 1579 1724 a
1601 1707 1680 1726 vero
1702 1699 1818 1729 abesse
1841 1699 1985 1738 videtum

166 1756 263 1784 rubra
293 1755 380 1784 enim
418 1754 556 1784 tinctura
593 1754 702 1795 lignea
733 1766 751 1785 a
783 1766 836 1785 ine
867 1755 999 1795 iniecta,
1034 1755 1185 1794 quamvis
1219 1757 1380 1787 mereurIO
1415 1758 1543 1789 facilins
1576 1761 1610 1790 in
1638 1763 1812 1794 subtiliora
1846 1765 1986 1796 ferretur

168 1830 257 1857 rasa,
289 1830 356 1849 non
389 1820 421 1849 in
450 1819 598 1849 intestini
629 1821 777 1859 pervenit
806 1832 935 1850 cavum.
958 1838 997 1844 -
1026 1822 1061 1850 ln
1093 1827 1253 1862 synaptae
1277 1824 1393 1853 Beselii
1413 1824 1575 1855 intestinis
1600 1837 1653 1857 vas
1675 1828 1891 1860 animadxerti
1914 1831 1987 1870 qni-

167 1886 257 1924 110111,
291 1897 362 1916 enm
393 1892 503 1915 antem
532 1885 628 1915 nimis
651 1887 791 1916 lacerata
813 1892 920 1917 essent
941 1886 1110 1926 intestina,
1130 1888 1272 1927 amplius
1296 1889 1434 1919 scrutari
1455 1891 1520 1921 hoe
1545 1901 1601 1922 vas
1624 1902 1692 1921 non
1714 1894 1819 1932 po-tni.

748 1997 776 2035 §.
801 2008 828 2034 ,1.
872 1998 1049 2027 ORGANA
1071 1996 1404 2029 LOCOMOTORIA.

248 2075 412 2103 Vasorum
435 2073 733 2104 loeomotoriorum
756 2076 943 2114 systematis
964 2076 1116 2117 singulae
1145 2075 1283 2115 quidem
1313 2082 1423 2117 partes
1451 2077 1517 2109 iam
1547 2085 1623 2111 ante
1643 2081 1849 2113 Tiedemann
1871 2084 1989 2115 deseri-

168 2145 258 2179 ptae,
281 2140 389 2169 nullus
411 2144 523 2169 autem
543 2150 657 2169 03111111
678 2150 781 2170 nexus
805 2147 901 2171 notus
924 2148 1003 2172 erat.
1039 2143 1214 2172 ssohadsch
1236 2153 1263 2175 e.
1279 2153 1311 2184 g.
1335 2145 1578 2174 tentaculorum
1592 2147 1792 2187 appendices
1808 2148 1987 2190 ligamenta

169 2205 312 2244 appellat
335 2204 575 2245 vei-miserium,
597 2206 712 2236 duetus
732 2211 843 2236 autem.
865 2207 961 2237 etiam
983 2207 1135 2238 salivales
1157 2219 1214 2240 eos
1237 2209 1376 2240 fortasse
1397 2220 1468 2241 esse
1485 2221 1647 2242 asserens.
1686 2213 1872 2253 Unicuique
1893 2215 1990 2254 quin-

169 2281 232 2308 que
248 2269 390 2300 dentium
406 2272 595 2311 apophyses
609 2280 679 2300 esse
695 2276 838 2310 quatuor
854 2272 940 2311 dicit,
954 2284 1097 2311 quarum
1113 2284 1333 2314 unaquaeque
1347 2276 1446 2306 talem
1458 2277 1558 2307 habet
1572 2280 1798 2318 appendicem.
1827 2281 1989 2310 Columna

171 2341 199 2364 ct
223 2337 343 2366 Mfiller
366 2336 506 2366 vesicam
529 2336 562 2366 in
586 2336 751 2367 anteriore
774 2339 902 2368 11010111.
927 2345 1017 2379 parte
1044 2339 1364 2381 animadverterunt,
1393 2343 1434 2372 de
1456 2352 1536 2382 qua,
1565 2348 1675 2373 utrum
1697 2345 1915 2384 generationi,
1946 2356 1988 2376 an

171 2399 326 2439 uropoesi
346 2400 518 2439 inserviat,
540 2401 703 2433 dubitant.
744 2404 840 2433 Oken
861 2406 972 2443 (Tozn.
994 2406 1056 2436 111.
1079 2417 1113 2446 p.
1132 2408 1218 2442 353.)
1243 2407 1420 2437 vesiculam
1443 2408 1637 2438 seminalem
1660 2420 1732 2438 eam
1753 2419 1824 2440 esse
1845 2410 1990 2450 suspica-

174 2472 240 2504 tur,
263 2470 292 2494 et
315 2465 463 2504 lapillos,
486 2465 545 2503 qui
565 2465 602 2495 in
622 2468 683 2497 hae
705 2468 813 2498 vesica
836 2471 1081 2510 [loeomotoria]
1103 2481 1343 2510 nonnunquam
1367 2471 1595 2511 inveniuntur,
1616 2474 1741 2514 sagittis
1765 2475 1890 2505 confert
1908 2486 1990 2507 ama-

175 2532 279 2562 toriis.
317 2530 520 2560 Tiedcniann
548 2531 583 2560 in
610 2533 679 2562 hol.
708 2534 881 2564 tubulosac
909 2542 1004 2575 parte⁴
1028 2537 1193 2567 anteriore
1220 2549 1319 2567 unam
1350 2538 1492 2576 invenit,
1524 2548 1765 2576 nonnunquam
1788 2540 1886 2570 etiam
1909 2542 1990 2572 (luas

175 2596 316 2635 vesicas,
338 2601 494 2625 exeunte»
515 2594 551 2624 in
573 2597 720 2627 canalem
741 2598 901 2639 aliquem,
923 2601 981 2639 qui
1003 2601 1223 2640 posteriorem
1244 2603 1407 2633 stomachi
1429 2603 1530 2633 finem
1551 2602 1664 2632 circuli
1678 2603 1781 2634 instar
1796 2604 1992 2638 eircumdat.

1383 2660 1405 2693 5
