2373 3028
339 185 386 218 35

339 283 580 312 nonnunquam
604 270 795 310 dispositos.
850 269 940 297 Ilace
963 266 1074 296 oraria
1098 276 1186 304 non,
1218 270 1250 295 nt
1275 265 1413 295 aliarum
1436 264 1722 304 holothuriarum,
1757 265 1981 296 vermil'ormia
2004 270 2034 296 et
2057 265 2162 305 cylin-

335 339 442 376 driea,
466 339 523 368 scd
546 337 691 376 collapsa
715 340 816 365 erant.

422 403 590 433 Yesicnlas
612 401 809 437 seminales,
842 398 911 428 sive
935 397 1120 436 testiculos,
1154 407 1172 427 a
1201 395 1316 426 vesicis
1346 396 1576 426 locomotoriis
1600 396 1694 426 facile
1716 405 1755 425 eo
1779 395 1954 434 discernis,
1987 397 2077 435 quod
2101 398 2161 426 liae

338 470 460 501 sensim
493 469 527 498 in
559 469 693 496 ductum
729 469 895 493 transcunt
927 463 1163 502 cylindris-um,
1203 462 1343 491 testiculi
1375 468 1483 491 autem
1517 462 1714 501 pyrisormes
1747 461 1837 500 stylo
1868 461 2008 491 insident
2040 462 2161 500 ubique

341 547 449 574 acque
476 534 575 564 tenui.
596 551 634 555 —
667 533 702 560 ln
734 531 802 559 hol.
832 528 1095 565 snseoeinereae‚
1127 527 1351 556 lloliadseliiae
1386 533 1616 564 mai·niorat.‘1(*‚
1647 527 1892 563 multarumque
1915 526 2052 554 aliarum
2075 525 2162 555 testi-

340 601 421 632 culis
446 598 655 638 microseopii
685 608 748 636 ope
773 594 985 624 densissimos
1007 603 1154 631 semper,
1185 593 1502 632 curvatoangnlosos
1517 614 1525 630 ‚
1546 592 1789 631 brexinsenlos,
1812 591 1901 620 xarie
1927 591 2011 620 inter
2030 600 2064 620 sc
2086 601 2163 620 con-

342 673 508 698 catenatos
532 664 642 694 inveni
666 662 758 701 quasi
783 660 1003 697 canalix-ulos,
1028 658 1130 698 nigris
1153 657 1418 696 ‹·i1·‹:11ms‹·1·ipt‹›s
1440 657 1553 695 lineis,
1573 668 1657 695 quos
1680 668 1756 686 xasa
1779 667 1849 685 esse
1871 655 2040 686 seminalia
2056 656 2163 695 primo

342 742 409 762 non
433 731 624 760 dubitabam
650 732 836 767 conspeetu.
882 728 998 755 Postea
1030 730 1138 754 autem
1173 733 1240 752 non
1273 728 1397 752 tantum
1427 722 1458 751 in
1483 722 1656 751 Miilleriae
1678 721 1828 750 eehinitis
1851 721 1971 750 ovariis
1995 722 2101 758 (qnod
2124 731 2162 750 ex

2131 785 2163 814 ‘ri

341 796 558 835 conceptione
581 793 811 833 explicandum
835 801 921 829 esse,
953 790 1097 829 primum
1124 788 1204 818 mibi
1224 788 1256 816 in
1283 793 1420 817 mentem
1444 787 1548 819 venit)
1579 787 1637 816 sed
1667 786 1762 815 etiam
1785 786 1818 815 in
1843 786 2070 815 Bonam-chiae
2092 796 2148 826 arb

343 863 504 902 pulmone
527 859 686 889 nonnulla
709 857 854 887 elnsdem
881 857 1008 885 formae
1034 855 1231 894 corpuscula
1252 852 1384 888 inveni,
1413 852 1470 881 sed
1493 861 1703 889 nequaqnam
1733 857 1797 881 tam
1826 852 2009 890 frequentia
2032 857 2062 880 et
2086 861 2166 881 con-

342 925 460 956 stantia
482 935 581 963 quam
606 924 639 952 in
662 921 814 951 vesienlis
836 921 901 950 illis
923 920 1155 958 seminalibus,
1180 929 1264 957 quae
1289 924 1374 947 totae
1396 917 1486 946 hisee
1509 916 1714 956 corpusculis
1737 922 1941 945 constructae
1958 916 2164 945 videbantur.

345 993 461 1030 Neque
494 991 575 1020 haee
606 989 639 1017 in
673 987 888 1027 pulmonibus
920 992 950 1015 et
981 985 1101 1015 orariis
1134 985 1266 1013 inxenta
1296 982 1494 1022 corpuscula
1524 987 1558 1010 ut
1589 982 1810 1026 testiculorum
1835 988 1967 1011 curvata
1991 988 2021 1011 et
2043 982 2165 1012 inflexa

343 1062 438 1095 sunt,
461 1057 519 1086 sed
541 1060 644 1093 reeta,
666 1054 699 1083 in
723 1051 983 1082 extremitatibus
1006 1052 1204 1091 plerumque
1228 1049 1429 1078 dieliotoma.
1452 1066 1490 1070 --
1519 1048 1571 1077 An
1601 1048 1682 1076 haee
1712 1048 1909 1087 corpuscula
1931 1048 2075 1087 globulis
2098 1047 2164 1077 illis

345 1121 510 1162 organicis
541 1121 682 1159 analoga
715 1123 808 1154 sunt,
844 1127 928 1155 qnae
961 1116 1196 1155 perfectiorum
1229 1113 1447 1144 animantium
1478 1112 1511 1141 in
1541 1112 1663 1141 semiue
1692 1118 1721 1141 et
1747 1113 1908 1153 sanguine
1932 1113 2164 1152 reperiuntur?

344 1188 504 1218 Amittuut
528 1185 615 1215 enim
646 1184 679 1213 hi
709 1183 839 1224 globuli
868 1183 931 1212 iam
962 1182 995 1211 in
1024 1181 1197 1221 reptilibus
1226 1180 1330 1220 magis
1353 1178 1526 1219 magisque
1548 1177 1640 1218 globi
1664 1177 1819 1214 sormam,
1850 1183 1880 1206 et
1904 1177 1939 1206 in
1961 1177 2070 1206 minus
2092 1187 2166 1216 per-

345 1253 438 1283 seetis
461 1251 572 1281 bestiis
596 1250 628 1279 in
653 1249 811 1278 maiorem
837 1257 1022 1277 arei-escere
1044 1246 1198 1275 ridentur
1221 1243 1497 1285 magnitudinem.
1542 1244 1684 1271 Possunt
1707 1242 1803 1271 etiam
1820 1241 1981 1270 infusoria
1997 1252 2066 1271 esse
2086 1243 2165 1271 hace

345 1317 559 1356 eorpuseula3
581 1314 741 1344 infusoria
765 1313 851 1342 enim
875 1313 971 1342 etiam
994 1312 1027 1341 in
1051 1310 1303 1351 perfectioribus
1334 1308 1556 1338 animantibus
1578 1307 1611 1336 in
1627 1306 1753 1336 semine
1769 1306 1921 1346 inprimis
1935 1307 2162 1336 inveniuntur.

425 1382 531 1412 Multa
562 1381 670 1410 adbuc
702 1381 742 1408 dc
773 1381 893 1407 horum
925 1377 1121 1418 genitalium
1149 1380 1265 1404 nanu-a
1293 1374 1393 1403 dubia
1425 1384 1511 1411 esse,
1556 1374 1609 1411 qni
1639 1371 1745 1401 warlus
1774 1373 1832 1400 lias
1860 1371 2001 1400 aliorum
2025 1377 2055 1401 ct
2078 1381 2166 1401 meas

347 1447 495 1478 conseret
518 1444 786 1481 ohservatioan
822 1442 994 1482 intelliget.
1018 1459 1056 1464 ——
1086 1440 1170 1471 Mihi
1200 1439 1333 1478 quidem
1362 1437 1575 1468 holotburiae
1603 1436 1914 1476 hermaphroditae,
1946 1441 1977 1466 et
2004 1436 2166 1466 vesiculae

345 1513 421 1543 illae
444 1511 646 1551 pyrisormes
671 1508 810 1539 testiculi
834 1518 903 1537 esse
927 1507 1089 1536 videntur.
1133 1507 1203 1534 Osa
1226 1510 1280 1533 aut
1302 1505 1487 1544 gemmulas
1508 1503 1541 1532 in
1559 1502 1724 1540 oxidnetin
1747 1502 1804 1540 qui
1827 1503 1927 1531 modo
1950 1502 1983 1531 in
2006 1501 2168 1532 ventricu-

345 1579 395 1615 lo,
432 1577 533 1606 niodo
566 1575 599 1605 in
629 1574 766 1614 propria
793 1573 875 1603 corii
904 1572 1129 1612 perforatione
1159 1570 1278 1599 ostium
1304 1570 1419 1607 habet7
1453 1568 1640 1598 fruetitieari
1665 1567 1817 1606 suspicor
1838 1568 1979 1596 humore
2001 1566 2162 1604 seminali,

348 1652 585 1681 nonnunquam
610 1641 705 1671 etiam
728 1640 762 1668 in
786 1638 970 1669 wentrieulo
995 1639 1149 1672 demum3
1175 1635 1237 1665 nisi
1261 1635 1343 1664 sorte
1366 1645 1404 1664 ex
1428 1644 1486 1672 en,
1510 1634 1601 1671 quod
1623 1633 1754 1672 saepius
1778 1631 1890 1661 ovaria
1912 1631 2024 1662 inveni
2045 1642 2164 1672 magna

348 1715 378 1739 et
401 1709 518 1748 plena,
553 1708 662 1736 nullos
684 1711 793 1735 autem
815 1704 914 1734 simul
939 1702 1124 1739 testiculos,
1157 1710 1219 1729 ova
1241 1699 1274 1728 in
1298 1699 1418 1729 orariis
1441 1699 1521 1738 ipsis
1543 1698 1606 1727 iam
1631 1697 1842 1733 fructificata,
1875 1703 1905 1727 et
1932 1697 2009 1727 ideo
2036 1697 2165 1727 testicu-

349 1776 420 1813 tos,
442 1779 576 1814 peraeto
599 1782 750 1809 munere,
785 1781 824 1800 cx
846 1769 1017 1809 periodieo
1046 1767 1105 1797 illo
1137 1773 1235 1807 typo,
1268 1764 1440 1795 evanuisse
1470 1774 1594 1803 paene>
1627 1769 1657 1793 et
1690 1763 1767 1793 idco
1797 1774 1815 1793 a
1844 1774 1896 1793 me
1926 1762 2065 1793 discerni
2096 1771 2164 1792 non

348 1839 493 1882 potuisse
517 1838 706 1868 concludas.

590 1949 608 1986 ᾗ
631 1951 658 1981 6,
701 1946 885 1975 ΟΠΟΑΝᾹ
908 1944 1117 1984 QUAEDAM
1142 1943 1325 1972 RENIBUS
1347 1941 1556 1970 FORTASSE
1578 1940 1883 1969 COMPARANDA.

429 2024 469 2053 In
499 2022 727 2054 Bohadschiac
757 2026 977 2050 marmoratae
1013 2018 1257 2058 exemplaribus
1288 2018 1437 2055 duobus,
1477 2026 1620 2055 quorum
1651 2015 1745 2044 alteri
1780 2014 1911 2044 nonnisi
1942 2024 2027 2044 unns
2062 2013 2165 2044 inerat

349 2089 539 2128 testiculus,
570 2087 665 2118 alteri
687 2087 798 2116 ovaria
821 2086 956 2115 minima
983 2091 1125 2122 tantum,
1163 2083 1293 2124 triginta
1318 2082 1402 2112 cirea
1428 2080 1542 2110 inveni
1564 2081 1764 2120 appendices
1795 2080 2027 2118 caeeisormes,
2060 2078 2166 2118 cylin-

349 2155 456 2185 dricas
487 2153 633 2192 quidem,
667 2153 726 2182 sed
759 2152 942 2190 collapsas,
972 2151 1084 2189 albas,
1111 2160 1214 2178 unum
1247 2149 1289 2177 ad
1312 2153 1453 2186 quatuor
1474 2146 1611 2186 pollices
1634 2147 1766 2186 longas,
1800 2156 1902 2174 unum
1931 2146 2016 2174 ultra
2042 2145 2163 2174 lineam

346 2222 445 2259 latas,
476 2219 511 2249 in
540 2217 708 2258 pulmonis
730 2214 925 2246 intestinalis
948 2215 1134 2243 bronehum
1157 2213 1311 2242 ductibus
1334 2211 1427 2250 quasi
1450 2211 1657 2250 excretoriis⁷
1681 2209 1890 2246 tenuissimis,
1922 2220 2021 2238 unam
2043 2209 2165 2240 lineam

349 2285 460 2327 longis
483 2289 649 2314 exeuntes.
693 2280 855 2311 Nonnulli
883 2279 917 2309 in
950 2281 1082 2309 cloacae
1104 2289 1209 2318 paene
1232 2277 1344 2317 initio,
1379 2276 1515 2307 maximi
1537 2287 1649 2307 eorum
1671 2276 1842 2316 paululum
1873 2275 2072 2313 anteriores,
2109 2275 2166 2305 alii

351 2361 455 2392 paene
477 2350 511 2379 im
533 2348 642 2378 media
664 2348 797 2376 demum
821 2344 970 2384 ‹soz-poris
995 2349 1087 2384 parte
1118 2345 1304 2373 bronchum
1334 2343 1527 2384 iungebant.
1573 2343 1611 2371 In
1640 2341 1734 2371 tertio
1763 2340 1876 2378 aliquo
1908 2340 2100 2379 individuo,
2131 2340 2165 2369 in

353 2426 421 2455 quo
443 2425 601 2456 magnum
625 2418 655 2444 ct
678 2413 816 2452 plenum
839 2410 1031 2440 ovariornm
1056 2409 1266 2447 fasciculum,
1304 2409 1415 2438 nullos
1435 2413 1544 2437 autem
1565 2406 1677 2436 inveni
1705 2406 1891 2444 testiculos,
1921 2405 2038 2446 ingens
2065 2405 2166 2434 simul

353 2483 463 2512 aderat
485 2482 601 2510 horum
626 2477 784 2508 canalium
809 2475 1061 2514 eaeciffirmium,
1093 2473 1171 2504 mire
1193 2483 1229 2503 ae
1253 2472 1454 2502 multifariam
1478 2472 1569 2502 fibris
1597 2471 1659 2501 iltis
1688 2481 1706 2500 a
1736 2471 1886 2501 musculis
1911 2470 2102 2500 transversis
2122 2470 2164 2499 ad

353 2547 494 2577 eloacam
520 2544 732 2575 tendentibus
759 2541 989 2581 implicitorum
1015 2539 1199 2569 multitudo.
1241 2539 1357 2568 Totum
1378 2539 1443 2567 hoc
1464 2537 1581 2567 animal
1603 2541 1694 2575 octo,
1715 2537 1844 2566 canales
1866 2541 1970 2565 autem
1991 2534 2039 2564 illi
2054 2535 2163 2563 decem

352 2621 589 2649 nonnunquam
612 2608 767 2650 pollicum
790 2607 1051 2646 assequebantur
1070 2603 1324 2646 longitudinem,
1351 2608 1450 2643 atque
1478 2613 1518 2634 ex
1538 2602 1703 2643 pulmonis
1726 2600 1920 2632 intestinalis
1941 2598 2047 2630 iussari
2068 2602 2164 2638 potc-
