2373 3028
1918 168 1937 200 3
1944 168 1972 201 5‘

146 265 306 304 explentis
329 273 409 303 ope,
431 263 473 292 ad
496 261 838 291 decarbonisatiouem
861 261 959 291 huius
980 265 1014 290 ut
1035 259 1079 289 ita
1101 259 1208 289 dicam
1230 257 1399 299 sanguinis
1423 257 1635 288 loeomotorii
1658 258 1817 288 momenti
1838 258 1963 297 aliquid

145 328 248 360 affert.
292 328 408 358 Inveni
430 332 598 368 praeterea
622 326 779 356 vesiculas
802 327 931 356 conicas
954 331 984 356 et
1006 324 1183 364 ellipticas,
1219 324 1375 353 musculis
1405 322 1597 352 transversis
1626 322 1821 363 insidentes,
1852 324 1886 353 in
1909 325 1967 353 ab·

144 394 289 424 dominis
317 405 431 424 cavum
460 393 685 433 prominentes
712 392 747 422 in
776 391 982 421 Bobadschia
1010 394 1229 427 marmorata,
1258 388 1292 418 in
1316 388 1470 418 Miillcria
1493 388 1651 427 ccliinite,
1684 388 1861 426 multisque
1884 389 1969 421 aliis.

145 459 217 488 Hae
238 458 416 496 vesiculae,
441 469 513 487 cum
537 457 601 487 illis
625 458 747 495 pedum
770 455 1007 495 appendicibus
1026 455 1060 484 in
1083 454 1174 485 corio
1192 454 1264 483 fixis
1281 463 1490 492 nequaquam
1509 454 1782 492 confundendae,
1806 454 1968 484 violaceo-

144 523 241 564 nigro
270 525 466 562 plerumque
494 523 683 563 gaudebant
714 521 826 550 colore
853 520 887 549 in
916 520 1100 559 postcri0re
1126 520 1277 560 inprimis
1301 519 1451 558 eorporis
1475 525 1582 558 parte,
1615 524 1644 548 et
1668 528 1730 559 ego
1753 518 1887 556 quidem
1912 529 1965 549 eas

143 588 335 620 relationem
364 589 530 627 quandam
559 591 590 616 et
618 585 830 615 materiarum
860 591 1006 614 mutuam
1034 584 1330 615 commutationem
1359 583 1487 614 efficere
1511 582 1662 623 suspicor
1684 583 1769 612 inter
1790 584 1966 612 humorem

144 654 393 683 abdomiualem
420 653 489 682 sive
516 650 769 691 peritonealem,
800 654 831 678 ct
858 648 944 678 inter
969 649 1165 689 sanguinem
1192 649 1226 678 in
1254 649 1483 679 locomotoriis
1507 649 1711 678 oscillantem
1735 648 1836 687 vasis,
1868 655 1901 678 ut
1922 648 1967 678 ita

146 729 206 758 per
227 718 377 748 humoris
399 715 619 746 abdominalis
645 715 791 745 medium
821 713 972 744 humoris
1000 714 1213 743 loeomotorii
1242 714 1415 754 respiratio
1440 713 1542 743 fieret.
1565 731 1604 736 -—
1626 715 1665 742 ln
1687 719 1828 754 synapta
1851 713 1967 743 Beselii

145 789 175 813 et
197 783 304 812 vesica
326 781 561 819 locomotoria,
585 786 615 811 et
635 781 799 820 posterior
821 781 910 810 deest
933 778 1107 808 ventriculi
1130 779 1251 808 canalis
1274 778 1456 815 circulari53
1489 780 1581 809 adest
1602 785 1712 809 autem
1735 780 1856 809 canalis
1879 785 1967 809 aute-

143 848 226 887 rior,
247 848 490 887 oesophageus,
511 846 545 875 in
568 857 663 884 quem
687 846 929 875 tentaculorum
951 855 1046 885 cava,
1067 844 1307 884 appendicibus
1329 844 1394 874 illis
1414 844 1663 874 caeciformibus
1679 845 1824 884 privata,
1846 844 1966 873 finiun-

143 917 211 950 tur,
245 915 274 940 et
303 921 341 940 cx
371 920 437 948 quo
468 910 614 948 quinque
641 910 698 940 illa
728 920 819 948 vasa,
853 910 969 939 mediis
997 910 1030 939 in
1060 910 1218 940 musculis
1246 909 1543 949 longitudinalibus
1569 911 1776 940 decurrentia
1799 910 1967 949 oriuntur,

144 978 232 1006 unde
256 976 351 1006 etiam
374 976 409 1005 in
432 975 547 1005 ceteris
569 975 720 1014 synaptis
744 980 773 1004 et
796 975 830 1004 in
851 975 1047 1014 chirodotis,
1071 975 1192 1013 quibus
1215 973 1284 1003 veri
1306 975 1424 1004 desunt
1446 977 1564 1015 pedes,
1583 977 1697 1006 adesse
1712 982 1856 1016 systema
1873 986 1968 1017 vasto-

141 1051 216 1071 rum
238 1041 552 1079 locomotoriorum,
581 1040 702 1079 quibus
726 1041 852 1070 haniuli
874 1046 929 1070 aut
952 1051 1108 1077 verrucae
1130 1041 1251 1069 horum
1275 1039 1467 1069 animalium
1489 1041 1671 1081 erigantur,
1700 1041 1880 1071 verisimile
1903 1046 1964 1071 est.

142 1106 182 1135 In
205 1106 287 1136 corii
308 1112 415 1136 autem
438 1106 680 1146 perforationes
702 1106 826 1135 retrahi
848 1112 934 1136 certe
958 1107 992 1136 in
1015 1111 1155 1145 synapta
1172 1104 1289 1134 Beselii
1306 1114 1373 1133 non
1390 1111 1528 1143 possunt
1545 1105 1578 1134 hi
1594 1108 1695 1145 pedes
1711 1106 1905 1148 inorganiCi.
1927 1124 1966 1129 -—

142 1172 183 1200 In
206 1171 434 1201 Boliadschiae
462 1176 681 1201 marmoratae
709 1181 776 1200 uno
802 1171 977 1200 individuo
1009 1170 1123 1211 viginti
1152 1176 1243 1200 erant
1271 1170 1450 1209 tentacula,
1481 1171 1681 1210 appendices
1709 1178 1819 1201 autem
1853 1181 1965 1201 eorum

142 1237 260 1278 viginti
282 1243 311 1267 et
338 1247 420 1275 una,
447 1238 539 1275 quod
562 1237 676 1266 ceteris
698 1236 922 1275 frequentium
945 1235 1202 1266 abnormitatum
1226 1236 1345 1265 addam
1369 1236 1540 1275 exemplis.
1563 1254 1596 1260 -
1623 1238 1719 1277 Quod
1747 1238 1848 1277 pedes
1870 1238 1968 1266 holo-

144 1302 326 1332 thuriarum
353 1302 565 1343 Schweigger
599 1302 635 1331 in
670 1303 856 1332 charactere
882 1302 1012 1343 generis
1041 1301 1075 1330 in
1103 1301 1361 1341 longitudinales
1392 1311 1524 1340 semper
1553 1301 1731 1342 dispositos
1760 1312 1831 1332 esse
1860 1302 1964 1332 lineas

143 1367 325 1407 contendit,
346 1368 411 1397 hoe
433 1367 588 1406 equidem
617 1367 651 1397 in
677 1367 733 1407 iis,
756 1378 835 1407 quas
857 1368 927 1408 ipse
950 1366 1135 1407 exploravi,
1168 1371 1198 1396 et
1230 1367 1357 1397 Lesson
1388 1366 1422 1395 in
1454 1367 1553 1397 variis
1586 1367 1658 1397 aliis
1691 1367 1864 1407 speciebus
1895 1377 1966 1397 non

142 1432 341 1463 invenimus.

224 1561 416 1598 Annulum,
449 1561 490 1589 de
512 1570 578 1598 quo
600 1559 665 1590 iam
689 1560 774 1598 dixi,
807 1571 939 1591 osseum
964 1561 1167 1590 Tiedcmann
1190 1559 1224 1589 in
1248 1559 1380 1601 organis
1403 1559 1515 1600 posuit
1536 1561 1785 1601 locomotoriis,
1820 1572 1895 1592 cum
1925 1572 1964 1592 cx

142 1635 181 1656 eo
205 1625 343 1655 musculi
365 1626 531 1665 pendeant
553 1625 825 1665 Iougitudinales.
868 1626 1031 1656 Describit
1060 1637 1153 1664 cum,
1185 1631 1220 1655 ut
1251 1637 1292 1655 ex
1320 1625 1470 1665 quinque
1499 1625 1676 1656 maioribus
1699 1632 1729 1656 et
1754 1637 1793 1656 ex
1817 1627 1965 1665 quinque

141 1691 380 1721 alternantibus
413 1689 619 1729 minoribus,
655 1689 836 1730 ligamento
870 1692 946 1721 albo
978 1691 1117 1731 iunctis,
1156 1691 1379 1731 compositum
1420 1691 1572 1731 ossibus,
1615 1702 1760 1730 quorum
1801 1691 1966 1732 margines

141 1756 344 1795 posteriores
366 1755 467 1786 excisi
488 1760 579 1793 sunt,
611 1755 792 1784 anteriores
820 1761 930 1786 autem
954 1751 1132 1795 maiorum,
1164 1757 1286 1795 quibus
1316 1756 1457 1786 musculi
1477 1756 1668 1787 inseruntur
1695 1755 1965 1797 longitudinales,

143 1820 268 1850 ossium
291 1821 457 1861 margines
480 1820 586 1859 binis,
610 1820 777 1850 minorum
801 1820 939 1861 singulis
962 1822 1077 1851 armati
1100 1827 1176 1851 sunt
1199 1822 1366 1852 dentibus.

224 1886 262 1915 ln
284 1890 426 1925 synapta
454 1885 572 1915 Eeselii
603 1887 746 1915 annulus
775 1891 823 1915 est
854 1886 1104 1927 cartilagineus,
1137 1887 1329 1926 latissimus,
1364 1892 1470 1917 totum
1501 1887 1703 1918 circumdans
1735 1889 1966 1929 ventriculum,

142 1950 269 1989 postice
290 1951 464 1990 paululum
487 1950 676 1990 angustior,
704 1951 808 1981 tribus
831 1951 1081 1991 inaequalibus,
1113 1957 1148 1981 ut
1169 1952 1362 1991 videbatur,
1395 1952 1600 1992 compositus
1623 1953 1793 1993 partibus,
1824 1953 1859 1983 in
1882 1965 1967 1984 mar-

140 2015 219 2055 gine
241 2015 372 2054 postico
396 2015 576 2045 duodecim
598 2016 727 2046 circiter
752 2016 933 2047 instructus
961 2016 1264 2057 perforationibus,
1297 2017 1332 2046 in
1366 2017 1533 2048 anteriore
1563 2018 1713 2058 margine
1744 2019 1965 2050 ossiculorum

141 2079 288 2109 munitus
311 2085 438 2110 catena.

220 2145 377 2185 Quinque
408 2145 466 2175 illa
498 2148 726 2179 musculorum
754 2148 1050 2190 longitudiualium
1080 2147 1190 2188 paria,
1225 2152 1256 2177 et
1284 2158 1342 2178 vas
1373 2147 1619 2189 longitudinale
1647 2148 1682 2179 in
1704 2149 1966 2189 uniuscuiusque

142 2209 230 2249 paris
255 2211 366 2241 medio
389 2211 558 2251 equidem,
590 2218 626 2243 ut
650 2213 684 2243 in
706 2214 882 2253 omnibus,
910 2214 953 2244 ita
981 2214 1079 2244 etiam
1109 2213 1143 2243 in
1172 2218 1314 2254 synapta
1343 2213 1464 2244 Beselii
1490 2213 1615 2245 inveni.
1659 2215 1832 2256 Singulare
1853 2222 1965 2245 autem

143 2275 208 2305 hoc
230 2275 311 2305 mihi
332 2276 525 2317 videbatur,
558 2278 838 2310 Tiedemannium
868 2279 902 2310 in
931 2281 1000 2310 hol.
1034 2280 1189 2309 tubulosa
1221 2289 1326 2308 unum
1347 2290 1407 2319 par
1428 2279 1463 2309 in
1486 2284 1600 2322 tergo,
1633 2291 1736 2310 unum
1758 2280 1793 2310 in
1823 2286 1963 2319 utroque

143 2340 265 2377 latere,
288 2343 354 2371 duo
378 2348 483 2373 autem
506 2344 598 2384 paria
619 2345 654 2375 in
674 2350 789 2382 ventre
810 2345 994 2385 invenisse,
1018 2356 1092 2375 cum
1116 2344 1291 2384 equidem,
1312 2346 1403 2375 velut
1425 2345 1454 2375 si
1475 2347 1642 2384 Aequator
1664 2356 1866 2387 organorum
1888 2356 1961 2375 ver-

143 2410 225 2435 teret
247 2405 365 2445 situm,
387 2407 422 2437 in
445 2409 595 2439 omnibus
618 2421 680 2450 par
700 2422 804 2442 unum
827 2411 862 2441 in
883 2411 972 2441 linea
994 2411 1144 2441 mediana
1166 2410 1308 2449 ventris,
1332 2416 1362 2440 et
1385 2411 1452 2439 duo
1476 2410 1511 2441 iu
1534 2415 1628 2452 tergo
1652 2409 1836 2440 invenerim
1858 2410 1962 2450 paria.

144 2470 285 2511 Organis
307 2471 535 2504 locomotoriis
558 2475 672 2506 dentes
695 2476 792 2506 etiam
821 2476 871 2506 illi
894 2476 1019 2515 quique
1040 2476 1150 2505 anates
1173 2475 1414 2505 adnumerandi
1436 2480 1532 2515 sunt,
1560 2485 1704 2514 quorum
1725 2474 1851 2505 radices
1872 2485 1965 2506 mus-

143 2536 297 2565 culorum
327 2535 572 2571 circumdantur
599 2540 892 2582 longitudinalium
924 2540 1134 2579 tendinibus3
1169 2539 1358 2581 epiglottidi
1379 2546 1489 2571 autem
1512 2540 1609 2571 etiam
1631 2540 1883 2579 quodammodo
1906 2550 1965 2572 eos

141 2610 334 2641 comparare
354 2601 474 2642 possis.
