2373 3028
1925 196 1971 230 39

154 283 226 308 rant
255 277 359 308 canali
391 276 587 308 bronchiali.
639 276 706 306 Sub
739 276 955 315 microscopio
1003 278 1421 320 membranaeeogranulosi
1444 281 1734 321 conspiciebantur
1762 286 1795 315 hi
1829 288 1970 317 canales,

153 344 272 373 Eadem
294 343 375 372 haee
398 352 522 382 organa
555 342 647 371 etiam
678 342 710 371 in
740 341 949 372 Bohadschia
978 352 1059 383 argo
1089 342 1200 373 inveni
1228 346 1388 383 permulta
1416 351 1447 375 et
1475 356 1605 387 magna,
1639 352 1669 377 ct
1701 348 1733 377 in
1761 352 1832 388 qua'
1854 352 1967 382 oxaria

152 408 246 438 simul
276 409 412 438 aderant
446 409 559 448 plena,
593 407 676 436 nulli
704 412 809 436 autem
841 407 991 437 testiculi.
1026 425 1067 431 ·—-
1107 409 1229 438 Suntne
1258 409 1359 450 igitur
1387 411 1599 443 Bobadsehiis
1629 413 1708 444 solis
1731 417 1866 454 propria
1888 419 1969 448 haec

154 474 301 514 organa?
343 484 384 503 an
416 474 509 503 etiam
542 472 734 503 Cuvieriae?
766 473 914 513 Analoga
937 479 1023 503 certe
1045 483 1169 514 organa
1189 475 1338 513 equidem
1361 476 1394 505 in
1418 487 1481 506 una
1504 478 1632 518 inveni,
1663 490 1703 510 ex
1730 480 1853 520 tribus,
1888 493 1970 520 quas

153 539 241 569 secui
265 539 464 569 holothuriis
485 539 584 578 atris,
607 539 657 569 cui
682 540 748 568 duo
771 539 865 568 simul
890 539 1051 576 testiculi,
1084 540 1175 570 nulla
1196 546 1301 570 autem
1326 540 1454 573 inerant
1477 543 1600 574 ovaria.
1642 545 1849 584 Appendices
1872 547 1969 577 huius

154 604 317 634 individui
340 605 440 644 duae,
468 605 630 644 duplicem
653 603 752 633 totius
775 603 923 643 corporis
945 610 1114 634 assecutae
1134 604 1389 646 longitudinem,
1418 608 1620 638 multifariam
1643 609 1803 639 intestinis
1828 609 1972 649 implica-

156 676 207 699 tae
230 680 298 699 non
321 676 354 699 ut
378 671 409 699 in
433 668 648 700 Boliadsehiis
671 668 703 697 in
725 669 909 697 bronchum
933 668 1084 707 exibant,
1116 671 1174 699 sed
1203 670 1236 699 in
1256 670 1399 700 intestini
1424 672 1545 702 tert'am
1569 680 1704 712 partem.
1746 677 1837 704 Haec
1867 686 1973 714 caeca,

156 745 293 772 quornm
326 745 425 763 unum
458 734 577 762 nodum
609 732 785 772 efficiebat,
819 743 911 771 cava,
948 734 1114 773 collapsa,
1145 735 1206 764 sub
1237 736 1451 776 mieroscopio
1486 739 1911 779 membranaccograinilosa
1942 747 1972 772 et

159 800 249 829 ilaris
275 799 380 829 obsita
402 797 531 837 punctis
553 808 591 827 ae
613 798 816 838 corpusculis
842 798 1144 838 conspiciebantur,
1177 805 1206 829 et
1233 800 1267 829 in
1295 802 1450 832 omnibus
1473 814 1547 832 cum
1570 804 1819 835 bronchialibus
1842 807 1971 837 Boliad—

157 865 324 894 sebiarum
345 863 585 902 appendicibus
608 863 787 893 convenire
808 862 973 892 videntur.
1018 863 1137 893 Cuvier
1158 864 1212 894 fila
1234 867 1396 903 quaedam
1420 868 1462 897 ad
1483 879 1582 898 anum
1604 869 1711 908 posita
1744 872 1813 907 (sed
1842 871 1876 900 in
1906 883 1971 910 qua

154 928 265 968 specie
284 929 374 957 haud
397 927 492 966 novi)
511 927 611 956 simul
633 939 707 957 cum
732 928 852 958 ovariis
875 938 1021 958 crescere
1038 929 1155 967 refert,
1178 935 1207 959 et
1230 930 1303 959 ideo
1331 931 1495 963 testiculos
1518 944 1588 963 esse
1611 935 1725 965 credit.
1766 935 1837 966 Alia
1860 943 1969 966 autem

155 993 252 1023 simul
274 1003 397 1033 organa
419 993 452 1022 in
473 993 589 1022 iisdem
612 992 724 1022 inveni
744 993 944 1033 individuis,
974 1004 1058 1032 quae
1092 995 1216 1024 maiore
1246 995 1317 1025 iure
1340 996 1506 1026 testiculos
1529 1008 1599 1028 csse
1624 1001 1805 1030 contendo.
1852 1002 1971 1031 [trum

157 1058 257 1098 igitur
296 1059 358 1087 hae
390 1057 588 1097 appendices
630 1069 702 1088 cuin
739 1059 885 1088 mammis
917 1061 969 1089 vel
988 1059 1055 1090 alio
1078 1060 1262 1090 accessorio
1294 1062 1515 1101 generationis
1548 1072 1674 1103 organo
1701 1065 1974 1104 comparandae?

155 1122 298 1163 Quidam
322 1122 410 1152 enini
435 1123 520 1152 inter
542 1124 621 1152 baec
646 1132 767 1163 organa
792 1129 822 1153 et
843 1124 929 1154 inter
949 1125 1105 1165 genitalia
1128 1136 1231 1156 nexus
1254 1125 1351 1155 etiam
1387 1126 1462 1156 mihi
1492 1127 1647 1158 interesse
1676 1129 1859 1161 videbatur.
1915 1133 1975 1171 An,

157 1187 309 1227 pulmoni
332 1188 564 1226 adhaerentes,
585 1189 660 1217 a'e're
683 1187 850 1227 impletae,
871 1189 1031 1219 natationi
1052 1190 1210 1220 inservire
1232 1192 1394 1230 possunt?
1433 1191 1590 1229 Equidem
1615 1203 1740 1234 organa
1773 1196 1971 1235 glandulosa

157 1263 212 1282 eas
236 1263 307 1282 esse
329 1257 357 1281 et
382 1251 541 1281 materiam
567 1252 798 1291 excretoriam,
831 1253 908 1291 quia
931 1254 1048 1283 ductus
1069 1255 1239 1284 excretorii
1265 1261 1324 1284 tam
1351 1265 1457 1295 prope
1482 1257 1523 1285 ad
1546 1268 1664 1297 anum,
1691 1260 1788 1288 niodo
1814 1259 1846 1288 in
1874 1261 1976 1290 bron-

157 1318 277 1355 ehum,
309 1318 406 1346 modo
439 1317 471 1345 in
493 1316 677 1346 intestinum
701 1324 836 1357 exeunt,
873 1327 941 1347 non
969 1319 1001 1348 in
1027 1329 1118 1349 usum
1150 1320 1350 1360 organisnii,
1387 1322 1445 1350 sed
1471 1326 1505 1351 ut
1534 1324 1736 1362 superfluam
1762 1325 1908 1364 excerni,
1941 1331 1973 1355 et

156 1383 232 1412 ideo
255 1384 313 1412 has
336 1381 535 1421 appendices
559 1382 691 1412 renibus
715 1382 861 1422 inprimis
883 1385 1119 1423 comparandas
1143 1395 1213 1415 esse
1234 1385 1396 1424 suspicor.

765 1495 793 1532 ᾗ.

240 1573 367 1602 Nervos
390 1572 543 1611 equidem
567 1573 677 1602 nullos
698 1572 777 1603 vidi.

837 1517 845 1524 .
887 1495 1077 1525 SYSTEMA
1107 1496 1367 1526 NERVORL'M.

818 1507 833 1534 *l

237 1638 399 1667 Lamarck
421 1637 592 1668 Fistnlides
614 1647 721 1676 neque
744 1644 856 1678 caput,
878 1649 986 1677 neque
1010 1641 1198 1680 cerebrum,
1221 1650 1329 1679 neque
1351 1639 1546 1678 medullam,
1577 1650 1686 1678 neque
1709 1642 1837 1679 oculos,
1867 1653 1975 1682 neque

157 1703 240 1733 alios
261 1704 383 1733 habere
404 1714 519 1734 sensus
541 1703 771 1744 particulares,
802 1703 945 1742 privatas
974 1704 1076 1745 igitur
1104 1705 1176 1745 ipsa
1198 1704 1361 1735 sentiendi
1385 1704 1540 1733 facultate
1563 1710 1591 1733 et
1614 1705 1781 1744 apathicas
1807 1717 1877 1737 esse
1899 1718 1977 1737 eon·

159 1768 272 1798 tendit.
314 1768 401 1809 Quid
423 1770 484 1798 hac
508 1768 612 1809 magis
635 1768 795 1798 sententia
818 1769 964 1799 theoriae
985 1779 1064 1809 prae
1093 1780 1127 1799 se
1151 1770 1237 1799 ferre
1260 1774 1367 1809 potest
1388 1768 1600 1799 inanitatem?
1641 1771 1898 1802 Subtilissimum
1921 1774 1979 1803 ha-

158 1833 236 1862 bent
257 1843 274 1863 e
296 1833 461 1863 contrario
483 1834 566 1863 cutis
587 1844 720 1864 sensnm
743 1845 780 1863 ea
799 1834 963 1873 animalia,
986 1835 1020 1864 in
1050 1836 1170 1874 quibus
1191 1836 1282 1865 nulla
1304 1834 1513 1874 particularia
1542 1835 1793 1875 conspiciuntur
1814 1847 1974 1869 sensuum

161 1908 295 1939 organa.
331 1900 380 1929 Ita
402 1900 454 1929 vel
476 1900 558 1930 lueis
580 1901 718 1941 gradum
742 1900 885 1940 plurima
908 1900 1194 1940 imperfectissima
1217 1900 1367 1941 inprimis
1383 1902 1557 1940 Zoophyta
1579 1911 1639 1940 per
1661 1907 1767 1932 eutem
1783 1903 1980 1943 percipiunt,

159 1968 189 1993 et
211 1963 356 2003 apathia,
379 1974 464 2002 quae
488 1965 643 1995 omnibus
665 1976 770 2005 paene
791 1967 975 1996 seeundum
998 1967 1083 1996 hanc
1106 1967 1268 1996 theoriam
1291 1965 1481 1996 conveniret
1499 1967 1697 2007 Zoophytis‚
1720 1969 1761 1998 ab
1777 1969 1979 2001 holothuriis

160 2038 266 2068 usque
288 2030 330 2059 ad
351 2030 509 2059 monadas
530 2029 565 2059 in
588 2030 681 2059 nullo
703 2040 808 2070 paene
828 2030 1007 2061 invenitur.

240 2129 459 2169 Tiedemann,
492 2130 520 2160 si
547 2136 725 2170 systemate
749 2142 929 2162 nervorum
957 2132 1105 2172 privatae
1135 2138 1243 2163 essent
1271 2132 1495 2172 holothuriae,
1529 2133 1585 2163 vix
1606 2133 1748 2176 intelligi
1767 2144 1867 2175 posse
1889 2135 1978 2175 dicit,

161 2196 330 2233 quomodo
352 2197 529 2226 multorum
551 2197 684 2226 illorum
707 2197 927 2227 loeomotioni
948 2197 1198 2227 inservientium
1222 2208 1420 2239 organorum
1447 2198 1594 2229 actiones
1622 2210 1662 2229 ex
1686 2200 1838 2231 animalis
1860 2202 1979 2230 volun-

162 2264 225 2290 tatc
251 2260 428 2291 collineare
460 2262 600 2301 possint.
631 2280 671 2285 —
699 2264 763 2293 Sed
790 2273 830 2293 ex
856 2264 922 2293 1100
948 2267 1139 2303 argumento
1162 2263 1260 2293 etiam
1282 2262 1355 2293 aliis
1376 2273 1483 2303 paene
1505 2263 1660 2294 omnibus
1682 2265 1865 2305 Zoophytis
1886 2265 1979 2295 nervi

162 2325 371 2356 adscribendi
399 2332 517 2359 essent.
558 2328 771 2368 Polyporum
800 2327 883 2358 enim
916 2329 1155 2358 nonnullorum
1186 2328 1372 2359 communis
1401 2327 1495 2367 quasi
1516 2329 1686 2368 voluntas,
1717 2334 1747 2359 et
1771 2329 1980 2360 Furculariae

162 2395 261 2428 atque
285 2391 434 2421 volvocis
456 2392 636 2423 rotationes
659 2395 778 2424 eodem
801 2395 919 2434 modo,
950 2404 1013 2435 pro
1036 2405 1090 2434 ea,
1110 2403 1195 2432 quae
1216 2393 1302 2424 inter
1322 2392 1489 2423 variarum
1508 2393 1654 2433 partium
1675 2393 1820 2424 actiones
1841 2394 1975 2426 interest

163 2456 348 2495 harmonia,
372 2462 517 2496 systema
537 2459 740 2498 postularent
762 2469 948 2490 nervorum.

244 2557 394 2587 Attamen
415 2567 593 2588 nervorum
615 2559 775 2590 circulum
803 2560 868 2590 hoc
898 2568 995 2590 osseo
1025 2559 1223 2589 circumdari
1243 2559 1366 2590 annulo
1397 2567 1594 2598 Persuasum
1618 2558 1737 2589 habeo.
1782 2560 1859 2589 Nam
1883 2560 1977 2591 etiam

160 2621 195 2651 in
217 2621 350 2653 Asteriis
378 2632 557 2654 nervorum
585 2623 726 2656 circulus
757 2625 990 2666 oesophagum
1019 2623 1239 2664 amplectitur.
1281 2623 1322 2653 In
1344 2622 1603 2664 Cephalopodiis
1624 2633 1728 2663 porro
1750 2625 1911 2668 analogiis
1934 2631 1983 2658 cst
