2373 3028
1945 188 1992 222 27

175 270 373 311 imaginem,
395 280 461 300 non
484 270 517 300 in
541 271 671 301 chartae
692 272 935 313 geographicae
959 271 1114 313 planitie,
1135 273 1193 303 sed
1214 272 1249 302 in
1270 273 1363 314 globi
1384 274 1491 314 spatio
1514 273 1623 304 variae
1638 275 1864 316 disponendae
1879 283 1987 309 essent

173 345 348 374 corporum
373 335 606 376 organicorum
630 336 786 376 familiae,
809 348 949 376 quarum
970 338 1247 379 perfectissimae,
1268 342 1367 377 atque
1387 348 1519 369 summo
1541 341 1722 379 gaudentes
1742 341 1988 374 individualita-

173 401 211 431 tis
234 406 332 439 atque
353 401 511 432 libertatis
532 403 637 442 gradu
660 402 882 442 peripheriam
905 403 999 444 globi
1020 413 1134 434 versus
1159 404 1341 434 tenderent.
1385 405 1428 434 Ut
1459 404 1548 435 enim
1580 410 1668 436 totus
1701 408 1846 438 mundus
1877 409 1986 450 globis

170 465 235 496 illis
256 471 371 496 mutuo
395 477 466 497 sese
488 467 727 497 attrahentibus
749 467 955 507 compositus
977 474 1041 508 est,
1070 473 1105 498 ut
1125 468 1161 498 in
1181 468 1371 498 animalium
1401 474 1432 499 et
1453 469 1487 499 in
1508 471 1697 510 plantarum
1718 472 1832 512 genesi
1853 479 1986 513 sponta-

171 541 232 561 nea
255 531 384 571 globuli
405 542 476 562 sese
496 533 538 562 ad
561 531 659 561 vitam
681 531 838 572 iungunt,
859 532 909 570 (in
932 533 1053 572 plantis
1074 535 1115 564 ad
1137 534 1363 564 dodec'a'edros
1385 535 1633 566 rhomboidales
1665 546 1700 566 se
1727 536 1868 567 invicem
1898 549 1988 568 com-

169 596 367 636 primentes)
387 597 433 626 ita
453 595 635 643 systematis
657 606 792 634 quoque
814 598 971 626 naturalis
995 599 1135 629 familias
1157 599 1192 628 in
1215 599 1322 639 spatio
1345 599 1451 637 (eujus
1472 611 1589 640 puram
1613 602 1734 642 globus
1757 600 1853 633 offert
1871 603 1987 645 imagi-

169 664 256 700 nem)
279 662 454 702 dispositas
476 672 547 692 esse
569 662 686 699 credo3
705 661 848 700 spatium
872 662 955 691 enim
977 662 1011 691 in
1034 673 1145 693 rerum
1161 668 1289 702 natura,
1311 664 1462 703 planities
1480 665 1514 695 in
1533 667 1678 698 hominis
1695 673 1821 699 tantum
1837 669 1983 710 ingenio.

170 728 266 757 Nulla
287 732 398 767 autem
420 725 634 758 construendi
655 725 753 756 huius
773 725 957 766 systematis
979 736 1054 766 spes
1076 727 1189 768 nobis,
1211 729 1292 768 quid
1313 729 1457 770 species,
1481 731 1563 770 quid
1584 732 1649 762 vita
1670 733 1729 773 sit,
1751 734 1986 767 nescientibus.

245 853 343 883 Dorsi
364 856 463 891 atque
484 854 727 884 tentaculorum
749 859 867 884 natura
888 854 1022 884 maioris
1045 855 1184 886 fortasse
1206 857 1366 887 momenti
1386 865 1456 887 esse
1478 856 1590 886 debuit
1611 857 1646 886 in
1668 858 1905 891 distribuendis
1922 862 1982 891 ho-

166 918 334 956 lotlmriis,
357 920 416 949 sed
437 929 524 957 quae
546 920 587 949 de
606 919 659 950 his
680 919 858 960 scriptores
880 920 1043 959 referunt,
1065 920 1167 950 dubia
1188 929 1430 960 nonnunquam
1454 921 1536 951 mihi
1557 921 1770 954 videbantur.
1812 925 1861 954 Ita
1882 926 1984 965 pedes

165 986 312 1015 dorsales
334 984 525 1025 saepissime
545 984 814 1026 negligebantur,
840 984 886 1014 ita
906 986 1163 1022 tentaculorum‚
1187 996 1328 1024 quorum
1352 988 1513 1018 nonnulla
1535 988 1570 1018 in
1592 989 1810 1020 ventriculum
1832 991 1986 1033 reglutita

164 1060 262 1090 saepe
284 1050 446 1089 invenies,
476 1060 634 1080 numerus
665 1060 905 1088 nonnunquam
934 1051 1066 1081 dubius.
1118 1053 1291 1082 Praeterea
1312 1062 1398 1091 quae
1418 1052 1481 1082 sint
1502 1053 1591 1093 leges
1614 1054 1691 1084 huie
1713 1065 1870 1095 numero,
1902 1066 1986 1086 non-

164 1117 243 1145 dum
257 1116 342 1146 'satis
363 1116 527 1157 intelligo.
568 1116 640 1145 Iam
661 1116 784 1145 Miiller
805 1115 840 1145 in
862 1116 953 1145 Zool.
975 1118 1050 1149 dan,
1073 1116 1209 1147 miratus
1237 1122 1304 1157 est,
1334 1119 1498 1147 tentacula
1525 1128 1596 1148 esse
1625 1121 1802 1150 duodecim
1824 1122 1983 1151 holothu-

163 1182 229 1212 riae
251 1181 449 1221 inhaerenti,
480 1193 540 1212 nec
561 1191 641 1212 vero
665 1182 794 1221 decem,
828 1186 862 1211 ut
894 1181 952 1220 qui
982 1192 1141 1213 numerus
1172 1182 1277 1223 magis
1309 1192 1477 1224 congruus
1508 1183 1594 1213 soret
1623 1185 1711 1216 vittis
1741 1185 1806 1216 illis
1834 1186 1982 1226 quinque

162 1248 472 1290 longitudinalibus.
525 1251 595 1290 Ego
625 1247 659 1278 in
686 1249 758 1278 hol.
787 1249 1033 1279 suseocinereae
1055 1250 1157 1278 altero
1186 1248 1362 1278 individuo
1394 1255 1445 1287 18,
1472 1249 1506 1278 iu
1535 1250 1640 1279 altero
1677 1262 1711 1289 ¹9
1742 1253 1905 1282 tentacula
1934 1252 1983 1282 in-

162 1313 253 1352 veni,
284 1314 381 1344 ctiam
409 1314 443 1344 in
476 1314 545 1344 hol.
576 1314 692 1343 scabra
720 1314 805 1343 iuter
840 1318 873 1345 18
903 1319 934 1343 et
966 1325 1000 1353 ¹9
1029 1315 1220 1344 haerebam.
1264 1314 1303 1344 In
1332 1315 1401 1345 hol.
1422 1316 1576 1345 lecanora
1598 1321 1683 1346 certe
1708 1327 1742 1356 ¹7
1767 1319 1928 1348 tentacula
1952 1324 1981 1348 ct

160 1379 293 1409 totidem
323 1379 495 1410 numeravi
522 1379 733 1419 appendices.
770 1382 894 1409 Harum
926 1384 1031 1409 autem
1061 1379 1245 1419 specierum
1284 1380 1444 1409 maiorem
1475 1381 1501 1410 si
1534 1381 1760 1419 disquisissent
1789 1393 1982 1421 numerum,

162 1450 194 1474 ut
218 1454 368 1474 normam
390 1445 424 1474 in
443 1444 599 1474 omnibus
620 1455 796 1475 numerum
821 1444 1023 1475 vicenarium
1052 1444 1246 1474 inventurus
1269 1444 1369 1474 fuisse
1398 1444 1479 1474 mihi
1511 1445 1636 1476 videor.
1688 1448 1735 1476 Eo
1769 1447 1979 1478 verisimilius

159 1512 223 1540 hoe
245 1510 327 1540 mihi
344 1510 487 1548 videtur,
508 1511 698 1550 plantarum
721 1510 849 1540 ratione
867 1510 989 1540 habita.
1034 1510 1074 1538 In
1105 1509 1156 1539 his
1189 1510 1272 1539 enim
1303 1510 1433 1540 numeri
1460 1512 1690 1542 abnormitates
1722 1523 1783 1552 per
1813 1513 1977 1543 desectum

158 1576 304 1616 saepius,
336 1586 435 1615 quam
463 1586 524 1615 per
549 1585 719 1609 excessum
746 1574 873 1613 inveni⁷
905 1574 968 1604 nisi
997 1575 1031 1604 in
1059 1575 1118 1613 iis,
1149 1586 1233 1614 quae
1264 1576 1298 1605 in
1330 1576 1431 1607 hortis
1460 1583 1626 1616 crescunt,
1652 1583 1682 1607 ct
1714 1577 1748 1607 in
1770 1578 1884 1618 paucis
1907 1580 1979 1618 qui-

158 1643 298 1671 busdam
321 1640 514 1681 generibus,
545 1646 579 1670 ut
602 1652 619 1671 e
640 1640 764 1670 familia
786 1641 1120 1679 ranunculacearum‚
1145 1652 1228 1679 quae
1258 1652 1328 1671 sese
1351 1643 1483 1682 explere
1505 1648 1627 1671 amant.
1679 1642 1760 1673 Item
1793 1644 1826 1672 in
1858 1645 1978 1683 plantis

157 1713 308 1737 naturam
332 1716 371 1736 eo
393 1706 523 1736 facilius
544 1717 561 1736 a
592 1717 732 1736 numero
756 1706 905 1747 legitimo
929 1708 1098 1745 recedere,
1126 1717 1193 1745 quo
1224 1707 1326 1737 maior
1349 1707 1388 1737 sit
1412 1718 1585 1746 numerus⁷
1615 1707 1744 1746 inveni,
1776 1715 1810 1738 ut
1835 1720 1864 1738 c.
1889 1720 1922 1749 g.
1944 1710 1975 1739 in

156 1773 349 1803 Decandriis
373 1772 519 1803 crebrius
543 1783 641 1811 quam
666 1772 699 1801 iu
717 1771 923 1802 Pcntaudriis
939 1773 1075 1801 anthera
1091 1773 1192 1803 deest.
1235 1774 1282 1802 lta
1299 1773 1396 1802 ctiam
1411 1774 1499 1812 apud
1517 1775 1649 1803 holotb.
1667 1775 1885 1805 creberrimae
1901 1782 1976 1805 sunt

155 1839 385 1869 abnormitates
407 1840 441 1869 in
462 1839 517 1878 iis,
538 1839 572 1868 in
588 1838 709 1876 quibus
728 1839 954 1878 quadruplum
973 1847 1044 1868 esse
1066 1839 1241 1878 oportebat
1262 1839 1392 1868 numeri
1407 1839 1559 1877 quinarii.
1603 1840 1754 1869 Ceterum
1774 1841 1861 1870 haud
1880 1851 1978 1882 nega.-

155 1905 272 1944 verim,
303 1905 400 1934 ctiam
425 1908 441 1935 8
463 1910 519 1934 aut
546 1915 580 1935 12
604 1905 764 1934 tentacula
794 1903 1061 1934 holothuriarum
1088 1904 1208 1944 speciei
1237 1904 1384 1945 legitime
1411 1904 1589 1934 convenire
1615 1916 1732 1944 posse7
1766 1912 1799 1935 ut
1821 1907 1918 1936 etiam
1941 1907 1974 1936 in

153 1971 323 2000 nonnullis
347 1972 363 1999 6
386 1971 508 2010 pedum
531 1970 631 2000 series
656 1971 821 1999 normales
845 1981 914 2000 esse.
937 1970 1104 2007 videntum
1128 1969 1252 1999 faciunt
1276 1970 1364 1999 enim
1384 1971 1513 2000 holoth.
1538 1971 1709 2001 transitum
1732 1973 1772 2001 ab
1795 1972 1833 2001 iis
1852 1972 1975 2001 auima-

152 2036 254 2075 libus,
283 2047 368 2074 quae
391 2035 559 2075 radiatim,
588 2043 619 2066 et
641 2038 823 2067 secuudum
848 2036 1034 2075 quinarium
1058 2047 1234 2066 numerum
1258 2042 1441 2067 constructa
1460 2043 1552 2075 suut,
1581 2038 1622 2067 ad
1646 2048 1697 2076 ca,
1727 2037 1761 2066 in
1784 2037 1904 2075 quibus
1927 2047 1976 2067 sc-

154 2104 298 2132 cundum
329 2102 493 2132 binarium
520 2113 696 2132 numerum
724 2103 857 2132 nonnisi
884 2104 1009 2132 tamum
1039 2103 1123 2132 latus
1152 2103 1268 2132 dextro
1297 2101 1404 2132 simile
1435 2108 1495 2132 est.
1547 2103 1693 2132 Omnino
1721 2109 1830 2133 autem
1865 2103 1926 2132 vita
1956 2114 1974 2132 a

153 2168 281 2198 numeri
304 2169 459 2198 abhorret
483 2168 673 2208 tyrannide,
706 2174 735 2199 et
765 2179 828 2198 non
858 2174 983 2198 tantum
1015 2169 1188 2198 hominum
1217 2169 1361 2207 cultura,
1394 2179 1493 2207 quam
1516 2169 1671 2198 nonnulli
1692 2168 1814 2198 scilieet
1838 2175 1973 2198 naturae

154 2234 330 2272 opinantur
350 2234 534 2274 inimicam,
555 2236 612 2265 sed
637 2234 771 2273 quaevis
794 2234 856 2264 alia
880 2236 930 2264 vel
952 2235 1036 2264 alit-is
1059 2236 1110 2264 vel
1132 2234 1224 2264 humi
1244 2234 1291 2264 vis
1314 2240 1465 2264 naturam
1488 2235 1530 2264 ad
1552 2234 1678 2264 muneri
1697 2236 1785 2275 leges
1804 2234 1972 2276 negligen-

155 2299 210 2327 das
238 2299 429 2339 saepissime
455 2306 576 2342 movet.
626 2301 675 2330 lta
704 2300 864 2339 plurimas
893 2310 1092 2340 organorum
1123 2301 1346 2330 florescentiae
1373 2301 1502 2330 numeri
1531 2302 1762 2330 abuorxuitates
1789 2300 1821 2330 in
1846 2300 1969 2339 alpium

155 2365 287 2394 desertis
309 2364 456 2396 inveni&
479 2367 630 2406 rupibus,
654 2373 682 2396 ct
705 2366 738 2396 iu
762 2367 877 2397 Horae
900 2367 1032 2396 oasibus
1054 2366 1119 2396 illis
1143 2377 1181 2395 ex
1203 2367 1341 2406 perenni
1364 2367 1607 2407 emergentibus
1632 2367 1716 2398 nire.
