2373 3028
1928 166 1972 199 37

163 268 236 301 post
259 272 294 292 os
315 262 459 302 aperitur
481 268 570 292 extra
594 262 675 292 corii
698 261 937 302 duplicaturam
962 271 1051 298 eam,
1085 269 1170 298 quae
1199 259 1434 288 tentaculorum
1467 256 1647 286 circumdat
1676 267 1848 296 eoronam,
1881 268 1974 297 aper-

161 333 231 356 tura
254 337 370 366 parva,
393 328 551 365 rotunda,
583 329 616 357 in
640 328 721 358 eutis
745 327 817 357 sinu
841 327 953 365 aliquo
977 324 1186 356 lransversali
1209 325 1349 353 occulta.
1380 341 1419 346 —
1447 322 1564 351 Cuvicr
1587 319 1715 362 (Regno
1736 323 1858 352 animal
1886 326 1972 357 1330)

160 390 211 420 iila
234 392 330 421 refert
354 393 450 421 valde
475 377 695 431 extensibilia,
727 402 833 432 prope
855 402 954 420 anum
977 390 1093 425 aslixa‚
1128 390 1245 418 eodem
1268 398 1335 426 quo
1359 387 1471 417 oraria
1495 393 1644 427 tempore
1666 387 1859 425 crescentia,
1889 398 1972 426 quac

158 457 303 485 mascula
330 457 431 486 ercilit
456 467 597 498 organa,
619 457 722 495 (conf.
748 458 765 495 §
788 458 815 485 6.
839 457 880 485 ‹le
902 455 1035 496 organis
1058 455 1194 484 renibus
1215 453 1354 483 fortasse
1376 452 1549 493 analogis.)

240 523 301 557 Ea,
327 533 409 561 quac
431 533 493 563 ego
510 522 588 560 vidi,
610 521 720 551 oraria
735 531 833 560 supra
850 520 990 559 primam
1009 530 1141 559 semper
1154 513 1304 548 intestini*
1315 524 1441 558 partem
1456 517 1490 546 in
1512 517 1648 558 regione
1665 517 1788 547 ‹lorsali
1810 518 1971 548 anteriore

156 586 234 624 sita,
258 588 466 617 multifariam
489 587 699 617 dichotoma.
724 585 757 614 in
781 596 877 613 unum
903 585 986 614 inlcr
1010 584 1186 614 ventriculi
1208 583 1395 614 mesenterii
1419 589 1593 621 utramque
1617 582 1775 613 laminam
1798 584 1974 629 decurren-

157 658 219 681 tem
244 651 467 692 iungebantur
489 651 695 688 oviduetum,
725 650 816 680 euius
841 650 969 687 ostium,
998 651 1089 688 quod
1119 655 1230 680 iamen
1259 660 1428 688 nunquam
1459 659 1519 688 pro
1543 654 1631 679 certo
1655 649 1842 679 discernere
1863 651 1965 689 potui,

156 717 189 746 in
213 717 386 756 superiore
407 717 604 755 plerumque
626 715 800 745 ventriculi
824 716 922 744 latere
954 725 1026 744 esse
1054 714 1240 744 videbatur.
1282 713 1439 744 Testiculi
1465 714 1499 743 in
1527 724 1592 743 uno
1620 715 1819 753 plerumque
1847 722 1971 754 puncto

156 782 258 811 niodo
280 781 314 810 in
330 780 564 819 ventriculum,
587 781 688 810 modo
712 781 747 810 in
769 780 962 810 oviductum
985 779 1095 819 ipsum
1119 779 1312 808 exibant.-—
1335 780 1373 808 In
1398 778 1495 808 variis
1516 778 1697 809 individuis
1721 780 1820 809 modo
1843 780 1975 810 orario-

156 858 228 877 rum
252 851 379 876 tantum
401 846 666 876 vermisormium
691 846 903 884 fasciculum,
929 847 1029 875 modo
1052 845 1140 875 solas
1163 844 1235 874 illas
1256 843 1458 884 pyriformes
1473 844 1634 874 vesiculas
1655 843 1849 884 seminales,
1871 846 1972 875 modo
1998 853 2000 856 ·

157 913 269 942 ovaria
291 912 389 941 simul
410 921 447 941 ae
469 912 628 942 vesiculas
651 912 826 942 seminales
850 911 973 941 inveni.
996 927 1035 933 —-
1057 910 1108 939 Ita
1134 909 1169 939 in
1196 910 1265 939 hol.
1294 909 1521 939 fuscocinerea
1543 911 1656 939 decem
1680 909 1840 940 vesiculas
1861 909 1975 940 inveni

157 977 353 1015 seminales,
389 976 424 1006 in
446 977 538 1007 laeva
561 977 737 1007 ventriculi
761 982 870 1016 parte,
903 977 993 1006 nulla
1022 980 1132 1006 autem
1162 973 1285 1003 ovaria.
1328 974 1366 1003 In
1398 975 1626 1005 Bohadsehiae
1656 980 1876 1006 marmoratae
1906 986 1973 1005 uno

157 1043 339 1082 exemplari
367 1043 502 1073 nonnisi
533 1054 636 1073 unum
669 1043 780 1073 inveni
812 1030 1111 1079 tcstiefflumsnec
1142 1039 1247 1068 ullum
1278 1039 1449 1078 oven-ium,
1482 1039 1515 1069 in
1545 1041 1647 1070 altero
1679 1041 1814 1071 nonnisi
1847 1052 1970 1081 pauca,

155 1107 366 1147 dichotoma,
396 1118 519 1148 paucas
542 1114 668 1139 tantum
692 1109 795 1139 lineas
827 1108 926 1148 longa
956 1106 1085 1144 oraria,
1128 1115 1214 1144 quae
1254 1106 1315 1135 sub
1345 1105 1566 1145 niicroscopio
1607 1117 1727 1146 parvos
1759 1107 1972 1137 continebant

153 1174 325 1214 granulos.
367 1174 407 1203 In
430 1174 525 1204 terlio
549 1174 661 1204 oraria
682 1175 786 1203 multo
810 1173 950 1211 maiora,
984 1177 1014 1202 et
1045 1171 1209 1202 vesiculae
1240 1171 1340 1201 simul
1366 1171 1552 1203 seminales,
1595 1173 1634 1201 In
1663 1173 1766 1202 tribus
1788 1173 1858 1206 hol.
1880 1178 1968 1203 atrae

152 1238 351 1279 individuis,
374 1244 517 1278 quatuor
539 1240 623 1269 ultra
647 1238 784 1278 pollices
809 1238 935 1279 longis,
959 1237 1118 1267 vesiculas
1140 1237 1254 1268 inveni
1277 1237 1452 1268 seminales
1475 1248 1575 1267 unam
1602 1243 1632 1268 ct
1655 1238 1826 1268 dimidiam
1848 1238 1970 1268 lineam

154 1303 297 1344 longas,
344 1304 378 1333 in
424 1314 490 1333 uno
536 1304 710 1333 individuo
752 1314 817 1333 una
858 1303 892 1332 in
934 1308 1076 1341 utroque
1118 1302 1293 1333 ventriculi
1337 1303 1438 1333 latere
1479 1304 1616 1333 dorsum
1658 1313 1770 1333 versus
1805 1303 1866 1333 sita
1906 1310 1974 1334 erat

156 1367 302 1397 vesicula
325 1368 510 1407 seminalis,
541 1369 575 1398 in
598 1370 701 1398 altero
725 1367 872 1407 quinque
900 1368 941 1397 ad
971 1368 1102 1397 laevum
1132 1371 1162 1398 et
1184 1377 1341 1407 superum
1365 1367 1538 1397 ventriculi
1561 1369 1660 1408 latus,
1690 1378 1830 1406 quarum
1854 1369 1972 1399 duetus

155 1432 360 1462 eiaculatorii
390 1434 540 1463 undulati
572 1434 606 1463 in
640 1444 742 1462 unum
773 1433 860 1463 coire
892 1432 1091 1462 vide—bantur
1119 1438 1291 1472 punctum.
1334 1434 1454 1462 Aderat
1481 1432 1580 1462 simul
1608 1432 1642 1462 in
1670 1443 1735 1462 una
1757 1434 1875 1462 harum
1898 1434 1970 1462 1101.

156 1503 297 1527 atrarum
321 1499 512 1528 ovariorum
536 1499 729 1537 fasciculus,
757 1499 809 1529 cui
837 1499 966 1528 inerant
998 1499 1097 1528 ovula
1119 1498 1343 1539 irregulariter
1367 1497 1541 1537 disposita,
1563 1498 1624 1527 sub
1649 1497 1870 1537 mieroscopio
1893 1498 1970 1527 sub-

156 1562 244 1592 tilem
268 1563 496 1604 magnitudine
519 1568 696 1602 aequantes
719 1574 863 1593 arenam.
886 1580 923 1585 -—
946 1564 983 1592 ln
1006 1563 1075 1593 hol.
1096 1564 1211 1593 scabra
1232 1562 1418 1593 ovat-iorum
1443 1562 1575 1601 quidem
1598 1563 1682 1592 ultra
1698 1572 1799 1592 unum
1815 1561 1973 1602 pollicem

153 1627 291 1667 longum
313 1627 425 1657 inveni
449 1627 658 1665 fasciculum,
683 1629 791 1658 nullos
816 1634 925 1658 autem
951 1628 1129 1658 testiculos.
1175 1629 1225 1658 Ita
1249 1628 1341 1658 etiam
1364 1627 1398 1657 in
1415 1627 1620 1657 Bohadschia
1643 1637 1740 1668 argo,
1762 1627 1796 1656 in
1814 1627 1969 1656 Miilleria

156 1693 299 1722 echinite
333 1698 362 1722 ct
396 1694 547 1723 lccanora
581 1698 679 1732 alque
710 1693 743 1722 in
774 1700 915 1733 synapta
939 1693 1056 1724 Deselii
1078 1693 1190 1723 ovaria
1213 1692 1367 1731 quidem,
1399 1693 1456 1721 scd
1484 1693 1594 1721 nullos
1620 1691 1686 1721 vidi
1712 1691 1890 1721 testiculos.
1936 1692 1974 1720 In

158 1757 364 1787 Boliadschia
397 1768 476 1799 argo
511 1759 609 1787 ovula
642 1758 795 1798 minima,
827 1759 861 1788 in
894 1760 1014 1800 globos
1046 1759 1176 1796 iuncta,
1209 1763 1239 1787 et
1271 1757 1304 1786 in
1338 1758 1472 1787 cellulas
1502 1758 1690 1797 hcxagnuas
1719 1755 1974 1797 (rhomboideo·

160 1822 430 1852 dodcca'e'dricasl
454 1823 612 1862 disposita
639 1823 849 1864 microscopii
872 1834 935 1864 ope
958 1823 1215 1863 conspiciuntur.
1260 1823 1358 1852 Etiam
1381 1821 1413 1851 in
1434 1822 1586 1851 Miilleria
1606 1823 1758 1851 lceanora
1782 1826 1811 1851 et
1833 1821 1973 1851 ecliinitc

155 1887 253 1916 ovula
275 1887 308 1916 in
331 1888 446 1928 globos
470 1895 681 1928 congregata,
708 1889 764 1927 qui
787 1889 879 1930 globi
902 1889 982 1928 ipsi,
1016 1889 1106 1918 mille
1131 1889 1269 1918 sortasse
1293 1887 1497 1917 continentes
1521 1896 1602 1925 ova,
1636 1887 1732 1915 oculo
1756 1896 1825 1915 non
1847 1893 1972 1916 armato

154 1953 252 1981 ovula
275 1963 345 1982 esse
369 1953 503 1982 minima
525 1953 688 1983 ridemur.
732 1955 906 1984 Miilleriae
937 1954 1087 1984 ccliinitis
1120 1953 1231 1983 ovaria
1264 1953 1297 1982 in
1330 1952 1552 1981 dichotomiae
1583 1952 1663 1981 locis
1686 1962 1784 1992 saepe
1806 1952 1975 1982 articulata

155 2025 266 2056 eraut,
298 2024 326 2047 et
349 2019 432 2047 adeo
456 2024 635 2057 coarctata,
668 2025 701 2048 ut
724 2019 962 2048 mouilil‘ormia
982 2030 1086 2058 paene
1109 2019 1315 2057 viderenmr,
1352 2018 1395 2047 ita
1426 2017 1524 2047 etiam
1547 2017 1579 2046 in
1604 2017 1809 2047 [lohadscliia
1833 2027 1975 2047 marmo-

154 2088 233 2112 rata.
277 2083 384 2113 Huius
410 2083 580 2114 Miilleriae
603 2084 754 2114 echiuitis
778 2085 944 2114 oviduclui
966 2085 1133 2114 filamenta
1154 2085 1377 2114 adhaerebant
1401 2084 1591 2113 dichotoina
1614 2093 1713 2112 uuam
1730 2083 1851 2112 lineam
1867 2084 1975 2124 longa,

154 2148 187 2177 in
211 2149 354 2179 nodulos
387 2149 556 2188 exeuntia,
592 2160 676 2188 quac
709 2149 802 2179 iniiio
827 2150 993 2180 testiculos
1026 2161 1097 2181 esse
1130 2150 1373 2189 existimabam,
1405 2150 1463 2179 sed
1496 2160 1534 2179 ex
1566 2149 1674 2179 formis
1705 2149 1789 2179 inter
1811 2149 1923 2178 oraria
1945 2155 1976 2179 et

154 2213 239 2244 inter
262 2216 342 2244 haee
360 2215 530 2252 ,filamenta
551 2215 756 2245 intermediis
780 2215 915 2245 nonnisi
937 2216 1048 2246 ovaria
1074 2226 1112 2246 ea
1136 2226 1206 2246 esse
1229 2217 1378 2244 nondum
1402 2216 1535 2245 evoluta
1556 2214 1709 2254 cognovi.
1727 2232 1765 2237 —
1780 2215 1819 2243 In
1835 2219 1974 2254 synapta

155 2279 271 2310 Beselii
293 2290 432 2321 magnus
465 2286 495 2311 et
526 2281 763 2311 inextricabilis
795 2282 987 2312 ovariorum
1019 2282 1288 2311 dichotomorum
1323 2281 1497 2311 fasciculus
1532 2280 1565 2310 in
1593 2281 1676 2309 duos
1700 2279 1765 2309 exit
1788 2279 1973 2317 oviductus,

155 2344 228 2383 qui,
262 2345 452 2376 intestinum
482 2347 601 2386 laqueo
625 2348 720 2386 quasi
749 2348 1006 2387 circumdantes,
1039 2347 1072 2377 in
1105 2357 1209 2376 unum
1241 2346 1442 2376 conveniunt
1472 2347 1619 2376 canalem
1644 2345 1678 2375 in
1701 2351 1835 2375 externo
1857 2344 1973 2374 annuli

155 2408 358 2449 cartilaginei
388 2410 489 2440 latere
515 2412 762 2453 decurrentem,
796 2418 825 2443 et
855 2419 944 2443 extra
972 2414 1214 2443 tentaculorum
1246 2413 1404 2443 circulum
1435 2411 1561 2442 corium
1591 2410 1828 2452 perforantem.
1868 2409 1973 2439 Simul

155 2481 282 2513 autem,
304 2474 337 2504 id
360 2477 451 2514 quod
467 2476 547 2507 mihi
562 2479 722 2508 nonnulla
746 2480 786 2509 ‹le
808 2480 869 2509 hae
890 2479 1122 2509 observatione
1146 2479 1297 2509 excitavit
1320 2478 1440 2517 dubia,
1462 2477 1648 2507 ovar-iorum
1673 2476 1859 2512 minorum,
1880 2475 1969 2505 hisee

154 2549 291 2581 prorsus
313 2541 530 2582 analogorum
554 2543 713 2582 conspexi
735 2543 999 2581 multitudinem,
1032 2544 1065 2573 in
1096 2544 1315 2573 ventriculum
1344 2545 1405 2573 suli
1429 2542 1612 2582 posteriore
1632 2541 1746 2571 annuli
1768 2540 1970 2582 cartilaginei

156 2605 299 2646 margine
325 2611 510 2636 exeuntem
567 2607 779 2648 Mieroscopii
802 2618 865 2649 ope
887 2609 1042 2650 globulos
1065 2608 1098 2637 in
1113 2607 1163 2639 his
1187 2608 1306 2638 orariis
1329 2607 1545 2638 animadverti
1568 2606 1739 2645 minimos⁷
1773 2606 1808 2636 in
1829 2606 1968 2637 lineolas
