2373 3028
389 200 435 232 30

464 290 664 320 l'ulmoncm
697 282 956 317 locomotorium
989 286 1020 311 et
1053 280 1086 310 in
1119 279 1236 321 primis
1269 281 1415 311 cloacam
1446 281 1481 311 in
1513 281 1669 312 omnibus
1700 282 1872 322 speciebus
1895 283 1958 314 silis
1980 282 2202 320 validissimis,

382 353 626 397 ligamentosiS,
656 362 675 382 a
704 348 861 381 musculis
894 344 1088 376 transversis
1118 346 1316 376 exeuntibus
1349 346 1481 376 affixam
1505 346 1627 377 inveni.
1658 365 1695 370 --
1727 347 1765 376 ln
1793 349 1953 387 pulmone
1980 354 2089 378 autem
2113 348 2198 378 etin

383 420 525 460 pedibus
548 423 579 448 ct
603 416 719 447 vesicis
742 411 970 444 locomotoriis
994 412 1104 442 nullae
1126 411 1381 453 distinguendae
1402 418 1492 442 crant
1517 412 1619 443 librae
1644 414 1847 444 musculares
1874 413 1908 444 in
1935 414 2016 445 meis
2043 414 2201 444 holothu-

381 485 456 525 riis,
479 483 596 525 spiritu
619 481 687 512 vini
710 479 824 519 utique
846 478 984 508 sortasse
1008 476 1148 507 mutans.

463 611 598 642 Corium
627 618 690 650 ego
719 612 754 637 ut
782 606 1008 644 Tiedemann,
1040 615 1079 635 ex
1109 604 1200 635 fibris
1224 606 1476 644 quodammodo
1499 613 1692 638 contextum
1717 613 1745 638 et
1769 608 1860 638 corio
1881 609 2029 638 humano
2051 608 2199 647 aliquan-

380 685 451 710 tum
474 677 581 709 simile
602 673 727 705 inveni.
772 673 899 702 Pedum
921 671 1082 701 vesiculas
1106 681 1168 712 ego
1184 671 1217 700 in
1233 670 1343 709 corio,
1366 681 1425 701 nee
1442 682 1539 710 xero,
1561 678 1594 702 ut
1612 672 1815 703 ‘l'iedemann
1829 696 1837 712 ‚
1860 674 1893 703 in
1908 673 1963 703 illa
1979 674 2041 703 tela
2064 674 2198 704 cellulo-

381 756 416 776 sa
449 743 540 775 corio
574 745 604 772 ct
636 737 795 770 musculis
823 736 1018 776 interposita
1045 737 1222 776 conspexi,
1252 737 1285 766 in
1309 748 1373 775 qua
1398 742 1504 766 tamen
1530 738 1660 777 nigrum
1684 738 1804 777 passim
1829 742 1916 777 erat,
1948 743 1981 768 ut
2004 748 2102 777 supra
2125 738 2200 776 dixi,

381 809 608 850 pigmentum,
642 805 706 844 ita,
737 808 772 833 ut
805 802 932 833 corium
960 801 993 831 in
1024 807 1166 841 utroque
1193 803 1295 832 latere
1326 803 1385 831 reli
1422 802 1517 841 quasi
1541 808 1704 843 tegeretur
1728 803 1915 843 Malpigliii.
1939 819 1978 824 —
2009 803 2198 832 Secundum

382 875 561 906 Boliadscli
587 883 625 903 ex
652 870 807 902 omnibns
829 869 899 898 hol.
922 867 1096 897 tubulosac
1120 866 1152 896 in
1176 867 1268 896 corio
1296 867 1429 907 papillis
1459 878 1573 897 mucus
1602 868 1729 898 elicitur
1756 869 1870 906 albus,
1904 868 1992 897 unde
2024 868 2200 907 glandulae

381 940 520 971 totidem
554 948 625 969 esse
657 937 815 967 videntur
845 933 922 963 illae
954 933 1107 973 papillae.
1160 933 1364 963 'l'iedemann
1389 943 1521 962 mucum
1544 943 1604 973 per
1631 933 1754 962 multos
1781 932 1917 962 subtiles
1941 931 2018 962 corii
2039 941 2138 972 poros
2161 943 2199 962 ex

380 1006 492 1047 parvis
515 1005 598 1035 telae
620 1003 799 1033 cellulosae
823 999 889 1030 euti
911 1003 941 1030 et
964 998 1121 1029 musculis
1143 997 1358 1038 interpositae
1381 996 1650 1028 excavationibus
1673 997 1777 1028 emitti
1798 998 1886 1028 dicit.
1907 1016 1946 1021 —
1968 999 2007 1027 ln
2030 999 2199 1027 nonnullis

379 1073 442 1103 sub
479 1068 698 1110 epidermide,
734 1065 883 1098 adhibito
913 1064 998 1095 vitro
1033 1063 1237 1103 lenticulari,
1268 1062 1433 1093 albidiora
1462 1063 1527 1093 vidi
1556 1070 1696 1103 puncta,
1732 1074 1817 1102 quac
1850 1063 1990 1094 sortasse
2022 1063 2199 1104 glandulae

380 1141 473 1168 crant
495 1144 661 1167 inucosac.

1106 1241 1135 1279 ς.
1158 1242 1186 1272 5.
1229 1240 1481 1270 GENl'sALIA.

460 1322 635 1352 Boliadseh
657 1319 780 1361 primus
801 1317 1019 1349 holothuriae
1043 1318 1219 1347 tubulosae
1243 1316 1409 1355 (Hydrae)
1431 1314 1543 1345 ovaria
1565 1315 1748 1346 accuratius
1775 1316 1983 1355 observavit,
2012 1317 2052 1346 de
2082 1315 2198 1355 quibus

379 1388 461 1418 llaec
485 1386 554 1417 fere
589 1386 682 1416 dicit:
723 1385 918 1424 oesophago
958 1384 1086 1413 adnexa
1121 1386 1197 1412 sunt
1232 1380 1421 1411 intestinula
1457 1391 1551 1411 caeca
1585 1383 1779 1416 (secuudum
1816 1381 1957 1422 figuram
1993 1375 2199 1421 dichotoma)

381 1462 468 1491 quae
500 1450 614 1482 oraria
645 1460 716 1481 esse
743 1448 896 1488 suspicor
927 1458 966 1478 ex
998 1458 1054 1487 eo,
1085 1448 1178 1487 quod
1210 1456 1247 1476 ea
1279 1446 1411 1476 diverso
1445 1452 1591 1486 tempore
1622 1447 1730 1476 variae
1764 1446 1996 1488 magnitudinis
2025 1450 2056 1477 et
2082 1446 2202 1476 diversi

381 1517 504 1548 coloris
526 1516 654 1555 inveni,
682 1515 710 1546 si
732 1514 867 1554 quidem
890 1523 1003 1544 mense
1025 1512 1123 1542 Iunio
1147 1511 1276 1550 tenuia,
1298 1521 1414 1551 parva,
1437 1511 1619 1551 diaphana,
1651 1522 1688 1542 ac
1710 1512 1812 1542 veluti
1833 1512 1934 1542 vitrea
1955 1517 2049 1551 sunt,
2072 1511 2200 1552 punctis

385 1582 533 1613 minimis
557 1580 705 1611 candidis
743 1584 878 1619 ornata,
915 1588 1029 1609 mense
1065 1578 1151 1607 lulio
1186 1577 1331 1616 maiora,
1360 1577 1519 1607 crassiora
1555 1583 1585 1607 et
1620 1577 1831 1616 latescentia,
1871 1577 1905 1606 in
1938 1577 2056 1616 quibus
2077 1584 2198 1617 pum-ta

380 1649 501 1686 rubra,
539 1647 687 1686 oblonga
716 1650 747 1675 et
778 1644 903 1674 maiora
936 1643 1196 1684 conspiciuntur.
1241 1642 1392 1681 Denique
1414 1652 1523 1672 mense
1552 1643 1700 1683 Augusto
1725 1652 1809 1672 nova
1833 1643 2014 1672 eorundem
2038 1642 2198 1682 principia

380 1713 413 1742 in
437 1717 651 1752 conspectum
674 1710 821 1740 veniunt.
864 1709 1010 1738 Dubium
1035 1714 1160 1746 autem,
1183 1713 1291 1736 utrum
1317 1717 1377 1746 per
1399 1716 1449 1738 os,
1483 1717 1541 1745 an,
1570 1706 1731 1736 intestinis
1755 1707 1884 1742 eiectis,
1913 1718 1971 1747 per
1989 1717 2085 1736 anum
2107 1707 2199 1737 emit-

381 1784 491 1808 tantur
514 1787 586 1807 ova.
630 1776 716 1806 Illud
746 1780 855 1805 autem
889 1775 1101 1805 verisimilius
1134 1784 1205 1804 esse
1234 1778 1321 1803 recte
1350 1772 1546 1812 suspicatur.
1569 1790 1606 1794 -—
1630 1773 1753 1802 Miiller
1781 1772 1813 1801 in
1845 1773 1936 1802 Zool.
1965 1774 2040 1803 dan.
2070 1774 2198 1803 holotb.

383 1844 542 1884 elegantis
563 1841 675 1871 ovaria
697 1840 852 1871 describit
875 1840 1076 1875 diebotomag
1099 1839 1168 1868 hol.
1190 1839 1390 1868 inhaerentis
1415 1837 1466 1866 tila
1491 1839 1589 1876 flava,
1612 1837 1645 1866 in
1668 1837 1831 1867 anteriore
1853 1837 2083 1867 intestinorum
2106 1844 2197 1877 parte

381 1908 464 1946 sita,
487 1906 622 1937 seminis
644 1916 721 1935 vasa
744 1916 815 1935 esse
838 1905 1019 1944 existimat,
1042 1904 1074 1934 in
1098 1905 1201 1934 altero
1224 1909 1331 1933 autem
1356 1902 1528 1932 individuo
1559 1912 1621 1931 ova
1643 1902 1830 1941 censpexit,
1863 1907 1890 1932 ct
1923 1901 2000 1932 inde
2029 1909 2198 1942 separatos

382 1982 453 2002 csse
475 1971 740 2001 holothuriarum
765 1970 921 2010 opinatur
945 1979 1053 1999 sexus.
1098 1970 1134 1998 ln
1165 1969 1235 1997 bol.
1272 1968 1346 1997 suso
1380 1974 1408 1997 ct
1433 1973 1584 2007 pentacta
1606 1967 1717 1996 ovat-ia
1741 1977 1982 2006 nonnunquam
2005 1979 2043 1997 ex
2064 1969 2197 2008 propria

380 2037 463 2067 corii
486 2036 710 2076 perforatione
733 2036 942 2076 propendere
966 2035 1076 2064 refert.
1101 2052 1141 2056 —
1170 2033 1338 2063 Fabricius
1361 2033 1454 2062 viros
1477 2032 1685 2062 liolotliurias
1708 2042 1824 2072 parere
1847 2033 1957 2071 pullos
1979 2033 2132 2071 affirmat,
2167 2041 2196 2063 et

381 2101 576 2132 Vandellius
609 2101 719 2140 pullos
751 2110 786 2130 se
815 2099 848 2128 in
885 2099 995 2129 matris
1030 2106 1144 2129 ventre
1177 2098 1297 2127 xidissc
1326 2097 1508 2127 contendit.
1539 2115 1575 2120 —
1604 2097 1807 2127 Ticdemann
1839 2098 1951 2128 ovarIa
1981 2099 2133 2129 describit
2165 2106 2194 2128 ut

383 2176 540 2207 magnum
564 2165 697 2202 aliquod
720 2174 870 2204 organon
894 2174 1029 2202 earum,
1053 2173 1240 2201 ramosum,
1262 2162 1353 2192 euius
1378 2162 1459 2191 rami
1481 2162 1628 2191 inunum
1652 2163 1852 2193 conveniunt
1869 2163 2078 2200 oviduetum,
2103 2165 2197 2194 initio

382 2231 615 2269 subinflatum,
639 2230 696 2268 qui
718 2229 804 2258 inter
825 2236 1000 2267 utramque
1024 2228 1198 2258 ventriculi
1219 2228 1406 2258 mesenterii
1430 2229 1585 2258 laminam
1609 2228 1801 2258 anteriorem
1822 2237 1936 2257 versus
1959 2229 2194 2258 extremitatem

381 2296 537 2326 decurrit.
579 2296 649 2336 Qua
672 2295 845 2324 oviductus
868 2295 924 2324 ille
947 2294 1035 2323 iuxta
1057 2293 1230 2324 ventriculi
1245 2294 1392 2324 canalem
1416 2294 1497 2324 iacet
1520 2294 1731 2332 circularem,
1766 2292 1992 2334 adiunguntur
2021 2293 2050 2323 ci
2085 2294 2198 2333 petioli

380 2362 451 2392 sive
484 2362 601 2391 ductus
633 2359 837 2390 eiaculatorii
870 2359 1088 2389 vesicularum
1122 2364 1199 2389 octo
1228 2360 1281 2389 vel
1311 2360 1424 2389 decem
1457 2358 1714 2398 pyriformium,
1748 2359 1918 2396 albarum,
1956 2360 2038 2389 duas
2071 2359 2198 2390 circiter

382 2427 488 2457 lineas
511 2427 707 2467 longarum,
741 2434 823 2464 quas
854 2424 1022 2454 testiculos
1045 2434 1116 2454 esse
1139 2423 1324 2464 suspicatur
1350 2424 1564 2454 l‘iedemann.
1606 2423 1725 2454 Ovaria
1751 2423 1784 2452 in
1807 2424 1978 2454 nonnullis
2005 2425 2066 2455 snb
2097 2425 2195 2455 finem

383 2492 503 2523 mensis
534 2491 688 2521 Octobris
720 2490 789 2526 bis,
820 2490 923 2520 innno
958 2496 1004 2520 ter
1038 2489 1182 2528 maiora,
1215 2500 1314 2528 quani
1337 2489 1410 2519 aliis
1442 2489 1667 2529 temporibus,
1701 2494 1730 2519 et
1756 2490 1921 2530 oblonga,
1956 2490 2065 2529 fusca,
2096 2500 2194 2519 unam

382 2558 503 2587 lineam
528 2559 645 2597 longa,
679 2557 792 2586 mollia
815 2565 957 2596 corpora
979 2555 1013 2585 in
1033 2555 1071 2585 iis
1095 2560 1248 2584 contenta
1271 2554 1394 2583 invenit
1419 2554 1633 2585 'l‘iedemann.
1684 2554 1841 2584 Testiculi
1863 2555 1959 2585 etiam
1983 2555 2016 2584 in
2040 2555 2090 2585 his
2113 2555 2194 2584 indi-

389 2622 491 2652 iiduis
521 2622 660 2652 maiores
686 2622 780 2652 simul
804 2628 904 2653 erant.
958 2620 1139 2651 Oviduetus
1174 2621 1228 2651 ille
1251 2621 1285 2651 in
1308 2619 1480 2660 superiore
1503 2620 1665 2651 stomachi
1688 2620 1767 2652 situs
1791 2621 1891 2651 latere
1914 2620 2005 2650 corio
2030 2619 2195 2660 perforate
